2138 3241
186 174 214 222 6
917 190 1115 224 VERGIL.

188 303 413 350 Eventus
436 305 552 350 belli
575 305 738 350 varios
757 322 770 363 3
808 305 1071 366 Pallasque
1095 306 1294 352 sinistro

184 380 398 426 Adfixus
422 381 570 427 lateri
593 382 695 427 iam
720 382 917 443 quaerit
941 382 1116 439 sidera,
1141 398 1320 444 opacae

184 456 359 503 Noctis
382 458 493 514 iter,
520 458 621 503 iam
646 474 774 519 quae
798 474 971 519 passus
995 464 1230 520 terraque
1256 459 1494 520 marique.

253 534 464 580 Pandite
487 551 621 580 nunc
646 535 904 593 Helicona,
931 535 1065 593 deae,
1091 541 1369 597 cantusque
1394 542 1586 582 movete
1607 554 1619 590 3

186 611 324 667 Quae
349 628 526 657 manus
550 612 741 657 interea
766 612 934 658 Tuscis
957 613 1221 658 comitetur
1245 613 1309 658 ab
1333 614 1430 658 oris

186 688 412 745 Aenean,
437 694 696 749 armetque
720 693 868 746 rates,
894 688 1168 750 pelagoque
1192 689 1419 734 vehatur.

257 764 500 810 Massicus
525 770 698 810 aerata
722 766 951 826 princeps
975 772 1110 811 secat
1135 782 1351 827 aequora
1376 766 1512 827 Tigri
1533 783 1542 812 ε

190 841 293 887 Sub
318 858 413 902 quo
438 841 574 887 mille
599 858 778 887 manus
802 842 1056 900 iuvenum,
1084 842 1171 903 qui
1195 843 1391 888 moenia
1417 842 1568 899 Clusi,

189 918 382 979 Quique
407 919 580 963 urbem
602 918 790 979 liquere
817 919 963 965 Cosas
985 937 994 966 ε
1033 919 1144 980 quis
1167 919 1270 965 tela
1294 919 1512 980 sagittae

190 995 466 1056 Gorytique
488 995 618 1041 leves
641 995 861 1041 humeris
885 1000 935 1041 et
958 995 1125 1041 letifer
1149 1013 1306 1042 arcus.

190 1072 311 1119 Una
336 1077 503 1117 torvos
527 1071 665 1117 Abas
688 1088 696 1118 :
734 1072 849 1118 huic
874 1077 1040 1118 totum
1064 1073 1345 1135 insignibus
1369 1074 1523 1120 armis

191 1153 404 1213 Agmen,
430 1155 480 1197 et
504 1156 684 1196 aurato
708 1150 937 1212 fulgebat
962 1151 1195 1213 Apolline
1219 1151 1411 1214 puppis.

195 1229 451 1275 Sescentos
474 1227 548 1273 illi
572 1227 778 1274 dederat
804 1228 1080 1290 Populonia
1106 1234 1272 1275 mater

191 1306 438 1366 Expertos
462 1304 579 1350 belli
602 1304 805 1350 iuvenes
824 1322 836 1363 3
873 1311 952 1351 ast
978 1306 1090 1351 Ilva
1113 1310 1362 1351 trecentos

192 1383 368 1429 Insula
392 1381 703 1428 inexhaustis
729 1381 1011 1443 Chalybum
1035 1399 1272 1444 generosa
1296 1382 1526 1429 metallis.

191 1459 400 1516 Tertius,
425 1459 508 1504 ille
533 1458 791 1504 hominum
816 1459 1078 1521 divomque
1101 1460 1348 1521 interpres
1372 1460 1557 1518 Asilas,

195 1537 288 1583 Cui
313 1536 556 1597 pecudum
580 1536 749 1594 fibrae,
777 1537 902 1583 caeli
925 1538 1005 1583 cui
1030 1537 1189 1582 sidera
1214 1543 1411 1598 parent,

197 1614 266 1659 Et
290 1614 494 1675 linguae
517 1614 790 1672 Volucrum,
818 1619 869 1660 et
893 1615 1123 1676 praesagi
1147 1614 1374 1661 fulminis
1397 1615 1551 1676 ignes,

198 1690 336 1738 Mille
361 1691 495 1751 rapit
521 1690 694 1736 densos
719 1692 821 1736 acie
847 1697 1000 1753 atque
1024 1692 1344 1738 horrentibus
1368 1692 1540 1738 hastis.

197 1769 305 1814 Hos
329 1782 504 1828 parere
526 1767 701 1813 iubent
725 1767 952 1829 Alpheae
977 1769 1041 1813 ab
1066 1768 1256 1829 origine
1281 1768 1440 1827 Pisae,

197 1844 335 1892 Urbs
361 1843 575 1889 Etrusca
601 1844 714 1890 solo.
788 1845 1026 1906 Sequitur
1049 1845 1414 1905 pulcherrimus
1438 1845 1611 1906 Astyr,

198 1922 358 1982 Astyr
383 1936 507 1982 equo
532 1920 687 1967 fidens
713 1926 763 1966 et
787 1921 1161 1967 versicoloribus
1185 1923 1350 1968 armis.

197 1999 292 2044 Ter
316 2002 517 2044 centum
541 1997 776 2055 adiciunt,
803 1999 964 2060 (mens
988 1999 1216 2044 omnibus
1240 2015 1340 2044 una
1364 1997 1637 2060 sequendi,)

200 2075 297 2130 Qui
322 2074 528 2120 Caerete
553 2073 708 2131 domo,
735 2074 821 2135 qui
846 2079 964 2119 sunt
990 2073 1230 2120 Minionis
1253 2075 1306 2120 in
1331 2075 1477 2132 arvis,

199 2153 269 2198 Et
293 2150 445 2213 Pyrgi
470 2155 672 2207 veteres,
699 2151 1126 2212 intempestaeque
1150 2151 1432 2197 Graviscae.

265 2228 383 2274 Non
409 2243 496 2289 ego
521 2234 585 2285 te,
613 2228 856 2289 Ligurum
880 2227 1055 2273 ductor
1079 2228 1349 2274 fortissime
1372 2229 1513 2287 bello,

200 2305 517 2363 Transierim,
545 2305 745 2366 Cinyra,
772 2309 823 2350 et
846 2304 1013 2366 paucis
1037 2306 1270 2351 comitate
1297 2306 1513 2367 Cupavo,

206 2382 358 2428 Cuius
383 2381 601 2427 olorinae
626 2386 841 2442 surgunt
866 2381 925 2426 de
949 2382 1132 2427 vertice
1156 2397 1365 2443 pennae,

203 2460 403 2506 Crimen
426 2474 565 2503 amor
588 2464 824 2515 vestrum,
850 2458 1137 2520 formaeque
1160 2460 1353 2521 insigne
1378 2465 1634 2521 paternae.

202 2537 434 2598 Namque
458 2535 645 2594 ferunt,
672 2537 812 2581 luctu
839 2536 1062 2595 Cycnum
1087 2536 1419 2582 Phaethontis
1443 2538 1616 2595 amati,

205 2613 448 2675 Populeas
471 2613 604 2658 inter
627 2613 826 2658 frondes
850 2612 1178 2674 umbramque
1203 2629 1426 2659 sororum

207 2691 343 2736 Dum
367 2691 517 2747 canit,
543 2695 594 2735 et
619 2695 866 2735 maestum
893 2688 1044 2734 Musa
1068 2689 1258 2735 solatur
1282 2706 1516 2748 amorem,

207 2769 483 2815 Canentem
507 2767 642 2813 molli
666 2767 837 2828 pluma
862 2766 1059 2812 duxisse
1083 2772 1348 2824 senectam,

208 2844 543 2906 Linquentem
566 2850 742 2900 terras,
768 2848 819 2889 et
843 2843 1005 2888 sidera
1029 2859 1144 2889 voce
1168 2848 1469 2905 sequentem.

210 2921 381 2979 Filius,
405 2920 626 2983 aequalis
649 2920 914 2966 comitatus
938 2920 1088 2965 classe
1111 2925 1350 2977 catervas,

1762 308 1853 352 160

1765 692 1852 750 165

1771 1089 1862 1134 170

1773 1475 1862 1523 175

1778 1849 1868 1893 180

1779 2233 1867 2292 185

1782 2631 1874 2678 190
