2138 3241
207 143 267 190 10
940 161 1137 194 VERGIL.

204 274 592 338 Spumantisque
615 282 750 323 rates
774 279 908 323 arvis
930 279 1116 325 inferre
1141 280 1351 338 Latinis,
1776 303 1871 347 300

203 351 372 398 Donec
397 357 561 398 rostra
585 357 764 399 tenent
788 354 985 413 siccum,
1011 360 1062 400 et
1086 356 1249 402 sedere
1273 357 1474 403 carinae

201 428 382 474 Omnes
405 429 660 476 innocuae.
733 431 826 476 Sed
850 447 950 477 non
975 432 1153 494 puppis
1176 437 1282 490 tua,
1308 434 1550 479 Tarchon.

197 504 444 567 Namque,
469 506 656 552 inflicta
680 506 833 565 vadis,
859 508 1000 554 dorso
1025 508 1143 554 dum
1168 510 1350 570 pendet
1373 510 1544 572 iniquo

196 582 395 642 Anceps
419 587 703 628 sustentata
727 584 826 641 diu,
853 584 1131 647 fluctusque
1155 585 1355 648 fatigat,

197 658 431 716 Solvitur,
457 664 609 721 atque
633 661 763 706 viros
787 661 958 707 mediis
982 663 1186 723 exponit
1209 664 1263 709 in
1287 664 1432 710 undis
1450 681 1462 723 3
1770 682 1862 730 305

195 734 466 795 Fragmina
491 752 740 782 remorum
764 753 886 798 quos
910 742 961 783 et
985 739 1242 784 fluitantia
1266 744 1498 786 transtra

197 812 487 872 Inpediunt,
513 813 829 875 retrahitque
852 814 998 875 pedes
1022 815 1169 861 simul
1194 816 1331 862 unda
1355 817 1593 865 relabens.

262 889 368 934 Nec
392 889 618 935 Turnum
642 890 804 951 segnis
827 892 1014 937 retinet
1040 908 1178 938 mora
1194 910 1207 952 3
1244 892 1327 939 sed
1352 894 1487 955 rapit
1515 910 1630 941 acer

193 967 372 1012 Totam
395 967 551 1012 aciem
574 966 629 1013 in
653 967 879 1026 Teucros,
906 974 956 1014 et
981 974 1156 1015 contra
1179 970 1232 1015 in
1257 971 1403 1018 litore
1427 972 1573 1018 sistit.

195 1043 348 1105 Signa
372 1049 579 1090 canunt.
650 1044 848 1091 Primus
871 1051 1068 1092 turmas
1091 1047 1279 1093 invasit
1303 1048 1517 1111 agrestis
1774 1066 1870 1112 310

191 1120 403 1177 Aeneas,
429 1136 573 1166 omen
597 1137 810 1183 pugnae,
837 1123 1119 1185 stravitque
1147 1123 1369 1183 Latinos,

192 1197 359 1243 Occiso
378 1197 616 1257 Therone,
642 1199 807 1245 virum
831 1199 918 1261 qui
942 1201 1188 1247 maximus
1213 1202 1347 1248 ultro

191 1275 403 1320 Aenean
426 1276 554 1337 petit
574 1292 586 1334 3
622 1276 737 1322 huic
760 1277 922 1338 gladio
946 1293 1131 1340 perque
1149 1294 1294 1325 aerea
1319 1284 1445 1338 suta,

192 1351 290 1397 Per
312 1352 536 1398 tunicam
561 1353 871 1415 squalentem
896 1372 1034 1414 auro,
1059 1357 1195 1403 latus
1220 1357 1390 1404 haurit
1415 1363 1664 1420 apertum.

191 1429 317 1475 Inde
345 1429 533 1475 Lichan
557 1429 690 1488 ferit,
717 1437 969 1479 exsectum
993 1433 1094 1479 iam
1119 1438 1281 1480 matre
1304 1439 1580 1496 perempta,
1773 1451 1865 1500 315

191 1506 260 1552 Et
282 1507 389 1564 tibi,
417 1507 627 1567 Phoebe,
654 1525 865 1568 sacrum,
892 1527 1034 1557 casus
1059 1512 1266 1558 evadere
1291 1512 1414 1558 ferri

190 1584 331 1640 Quod
354 1584 496 1631 licuit
519 1601 686 1646 parvo.
757 1587 863 1633 Nec
887 1588 1045 1650 longe,
1075 1589 1238 1635 Cissea
1262 1589 1442 1635 durum

190 1662 555 1723 Inmanemque
581 1662 743 1724 Gyan,
769 1667 1039 1712 sternentis
1063 1666 1268 1728 agmina
1292 1666 1452 1725 clava,

192 1737 384 1783 Deiecit
406 1738 533 1785 leto:
572 1739 698 1786 nihil
722 1740 832 1787 illos
857 1742 1092 1788 Herculis
1116 1759 1273 1802 arma,

190 1812 296 1859 Nec
319 1814 515 1860 validae
538 1816 707 1862 iuvere
731 1833 911 1863 manus
934 1819 1225 1881 genitorque
1252 1820 1551 1882 Melampus,
1771 1838 1868 1882 320

189 1890 396 1936 Alcidae
419 1907 577 1937 comes
602 1908 757 1954 usque
781 1895 949 1955 gravis
973 1895 1093 1942 dum
1117 1902 1254 1943 terra
1278 1897 1472 1944 labores

189 1966 444 2014 Praebuit.
517 1969 640 2015 Ecce
659 1970 838 2030 Pharo,
865 1988 1003 2019 voces
1029 1974 1148 2019 dum
1172 1975 1333 2021 iactat
1357 1975 1549 2035 inertis,

188 2046 493 2108 Intorquens
516 2047 735 2094 iaculum
760 2049 1001 2096 clamanti
1025 2052 1157 2098 sistit
1183 2051 1235 2097 in
1260 2069 1355 2099 ore.

187 2123 226 2168 T
291 2139 499 2184 quoque,
525 2125 791 2171 flaventem
816 2128 979 2188 prima
1004 2129 1242 2190 lanugine
1267 2130 1426 2176 malas

189 2199 325 2245 Dum
349 2201 566 2262 sequeris
592 2202 814 2263 Clytium
838 2204 1032 2262 infelix,
1059 2221 1187 2251 nova
1212 2206 1408 2267 gaudia,
1437 2208 1624 2268 Cydon,
1767 2223 1860 2271 325

190 2277 451 2323 Dardania
475 2283 667 2325 stratus
693 2280 884 2339 dextra,
910 2297 1110 2328 securus
1135 2280 1378 2341 amoru‘m,

189 2353 285 2408 Qui
310 2353 546 2400 iuvenum
570 2356 664 2402 tibi
688 2372 880 2419 semper
903 2364 1065 2417 erant,
1091 2360 1384 2417 miserande,
1410 2361 1607 2419 iaceres,

188 2429 260 2475 Ni
283 2428 500 2476 fratrum
524 2431 712 2493 stipata
735 2434 906 2480 cohors
929 2434 1057 2481 foret
1081 2436 1240 2493 obvia,
1270 2436 1449 2483 Phorci

186 2506 727 2570 Progenies,——septem
752 2527 972 2570 numero,
999 2518 1303 2575 septenaque
1326 2514 1430 2560 tela

188 2585 453 2630 Ooniciunt
475 2603 482 2631 :
519 2587 704 2647 partim
729 2588 872 2649 galea
897 2589 1145 2651 clipeoque
1169 2591 1424 2637 resultant
1764 2611 1860 2655 330

189 2662 371 2720 Inrita,
399 2662 597 2709 deflexit
619 2665 806 2725 partim
829 2667 1132 2727 stringentia
1156 2684 1332 2729 corpus

188 2739 343 2785 Alma
367 2739 555 2789 Venus,
629 2741 808 2787 Fidum
832 2743 1032 2789 Aeneas
1056 2744 1263 2790 adfatur
1288 2745 1520 2792 Achaten
1542 2763 1551 2793 :

190 2816 408 2877 Suggere
432 2816 532 2862 tela
557 2818 680 2863 mihi
697 2835 709 2877 3
746 2835 847 2864 non
872 2819 1031 2865 ullum
1057 2821 1260 2867 dextera
1284 2821 1478 2868 frustra

189 2892 408 2939 Torserit
431 2893 484 2938 in
509 2894 741 2953 Rutulos,
769 2900 1023 2942 steterunt
1047 2913 1172 2958 quae
1196 2899 1250 2944 in
1274 2914 1474 2961 corpore
1498 2899 1707 2946 Graium
