2138 3241
894 210 1084 242 AENEID
1119 212 1166 243 x.
1813 201 1872 246 17

205 323 516 371 Dardanides
538 328 710 370 contra
734 324 872 371 furit.
943 325 1169 370 Anxuris
1193 341 1307 371 ense
1331 325 1585 370 sinistram
1777 341 1867 388 545

203 400 270 445 Et
307 405 470 446 totum
494 400 636 461 clipei
659 400 789 446 ferro
814 401 1056 446 deiecerat
1080 403 1247 447 orbem
1268 417 1276 446 :

201 473 435 538 (Dixerat
457 477 540 523 ille
565 477 750 538 aliquid
774 493 1025 538 magnum,
1051 478 1250 539 vimque
1275 477 1443 523 adfore
1468 478 1617 523 verbo

200 551 503 611 Crediderat,
530 554 759 615 caeloque
784 554 1008 599 animum
1033 553 1242 600 fortasse
1268 554 1476 613 ferebat,

200 627 545 691 Ganitiemque
570 630 662 676 sibi
685 636 735 675 et
758 630 927 691 longos
952 631 1248 692 promiserat
1273 648 1429 677 annos
1451 633 1486 694 3)

200 702 473 769 Tarquitus
497 706 755 752 exsultans
781 712 955 753 contra
979 707 1285 769 fulgentibus
1310 708 1475 765 armis,
1772 724 1796 771 5
1807 724 1868 771 50

197 784 453 832 Silvicolae
478 784 651 829 Fauno
677 784 876 845 Dryope
901 800 1046 845 quem
1073 786 1295 846 nympha
1320 790 1529 843 crearat,

197 861 385 910 Obvius
408 859 608 905 ardenti
632 876 733 906 sese
758 861 955 907 obtulit.
1029 861 1122 907 Ille
1147 862 1353 907 reducta

198 938 425 986 Loricam
449 937 684 999 clipeique
707 939 882 999 ingens
905 956 1028 985 onus
1051 940 1241 1001 inpedit
1266 940 1413 985 hasta
1426 956 1438 998 3

195 1016 322 1061 Tum
347 1018 498 1075 caput
521 1015 711 1060 orantis
734 1015 1054 1077 nequiquam,
1081 1021 1130 1061 et
1156 1017 1315 1061 multa
1336 1016 1563 1077 parantis

196 1093 385 1149 Dicere,
412 1091 647 1137 deturbat
670 1096 849 1147 terrae,
875 1098 1206 1154 truncumque
1242 1099 1492 1154 tepentem
1766 1108 1789 1155 5
1800 1107 1857 1154 55

195 1168 495 1214 Provolvens
519 1183 665 1229 super
689 1168 810 1213 haec
833 1169 1029 1214 inimico
1056 1175 1251 1230 pectore
1276 1169 1440 1215 fatur:

193 1246 316 1292 Istic
339 1261 486 1303 nunc,
512 1245 789 1302 metuende,
816 1245 919 1291 iace
942 1249 949 1292 ἓ
1019 1246 1136 1292 Non
1160 1251 1211 1292 te
1235 1247 1422 1308 optima
1447 1250 1609 1291 mater

194 1321 385 1367 Condet
409 1320 563 1378 humi,
588 1320 813 1381 patriove
838 1323 1066 1367 onerabit
1090 1323 1313 1368 membra
1339 1322 1596 1383 sepulchro
1619 1339 1627 1368 :

191 1398 416 1444 Alitibus
439 1398 663 1459 linquere
686 1397 803 1443 feris
820 1416 832 1457 ;
858 1404 948 1444 aut
972 1401 1169 1461 gurgite
1194 1416 1412 1446 mersum

192 1475 346 1521 Unda
370 1475 513 1532 feret,
539 1475 790 1536 piscesque
813 1476 1000 1536 inpasti
1024 1477 1227 1522 volnera
1251 1477 1490 1522 lambent.
1765 1480 1861 1539 560

191 1555 428 1601 Protinus
451 1556 710 1601 Antaeum
735 1560 785 1600 et
809 1556 1011 1613 Lucam,
1038 1557 1199 1617 prima
1224 1556 1427 1617 agmina
1452 1544 1636 1613 Turni,

192 1632 528 1694 Persequitur,
554 1631 830 1693 fortemque
855 1632 1093 1691 Numam,
1119 1633 1405 1695 fulvomque
1432 1633 1728 1690 Camertem,

192 1709 520 1771 Magnanimo
543 1709 809 1755 Volscente
833 1716 1014 1768 satum,
1043 1711 1313 1756 ditissimus
1349 1711 1458 1770 agri

190 1785 288 1842 Qui
309 1784 410 1830 fuit
431 1784 762 1842 Ausonidum,
790 1791 840 1830 et
865 1787 1031 1831 tacitis
1056 1787 1286 1847 regnavit
1309 1785 1547 1846 Amyclis.

188 1862 426 1923 Aegaeon
450 1862 624 1923 qualis,
652 1866 851 1907 centum
877 1864 955 1908 cui
979 1864 1209 1909 bracchia
1235 1864 1420 1920 dicunt,
1763 1866 1855 1924 565

192 1939 535 2000 Centenasque
558 1954 750 1996 manus,
777 1940 1143 2001 quinquaginta
1168 1941 1334 1986 oribus
1358 1940 1524 2000 ignem

191 2016 577 2078 Pectoribusque
601 2017 790 2074 arsisse,
818 2017 950 2063 Iovis
974 2034 1085 2063 cum
1110 2017 1324 2064 fulmina
1349 2021 1523 2063 contra

187 2093 282 2139 Tot
304 2093 508 2154 paribus
531 2097 773 2154 streperet
796 2094 976 2155 clipeis,
1003 2100 1079 2141 tot
1103 2096 1372 2156 stringeret
1396 2095 1524 2140 ensis
1544 2109 1552 2139 :

189 2170 268 2216 Sic
290 2176 397 2216 toto
420 2171 618 2215 Aeneas
642 2170 860 2216 desaevit
884 2172 936 2217 in
961 2188 1173 2234 aequore
1197 2175 1367 2229 victor,

186 2249 265 2296 Ut
288 2248 436 2294 semel
462 2249 678 2309 intepuit
702 2265 884 2295 mucro.
957 2250 1088 2305 Quin
1115 2266 1221 2297 ecce
1245 2249 1463 2311 Niphaei
1759 2263 1854 2310 570

187 2325 506 2386 Quadriiugis
530 2326 583 2370 in
607 2341 754 2386 equos
779 2326 1082 2388 adversaque
1107 2333 1307 2388 pectora
1339 2325 1514 2372 tendit.

185 2403 358 2463 Atque
381 2401 468 2459 illi,
494 2401 638 2462 longe
662 2402 971 2463 gradientem
996 2411 1046 2449 et
1071 2404 1180 2449 dira
1205 2403 1501 2449 frementem

185 2479 263 2525 Ut
287 2478 466 2536 videre,
493 2483 630 2523 metu
654 2480 782 2524 versi
807 2484 1035 2541 retroque
1060 2489 1262 2526 ruentes

185 2555 564 2616 Effundimtque
588 2555 775 2614 ducem,
802 2558 1102 2619 rapiuntque
1128 2559 1192 2603 ad
1217 2559 1364 2603 litora
1390 2571 1576 2602 currus.

184 2632 387 2678 Interea
412 2632 591 2693 biiugis
614 2632 770 2678 infert
793 2649 844 2678 se
868 2634 1097 2695 Lucagus
1121 2635 1247 2680 albis
1750 2646 1775 2693 5
1788 2647 1842 2694 75

183 2709 251 2755 In
275 2708 473 2765 medios,
497 2708 750 2769 fraterque
776 2709 951 2770 Liger,
976 2711 1061 2756 sed
1085 2711 1247 2756 frater
1271 2709 1481 2756 habenis

186 2785 369 2831 Flectit
392 2801 556 2846 equos,
582 2786 809 2831 strictum
833 2792 967 2833 rotat
991 2803 1104 2833 acer
1131 2788 1358 2849 Lucagus
1382 2800 1563 2833 ensem.

186 2862 340 2908 Haud
365 2861 486 2907 tulit
509 2862 707 2908 Aeneas
730 2867 876 2908 tanto
899 2863 1089 2909 fervore
1112 2864 1354 2910 furentis:

186 2939 372 2995 Inruit,
397 2937 698 2999 adversaque
721 2939 896 3000 ingens
920 2940 1155 3001 adparuit
1180 2941 1341 2986 hasta.

268 3015 355 3046 Aen.
379 3013 428 3045 X.
1617 3020 1646 3064 3
