2138 3241
231 172 292 217 26
964 186 1164 219 VERGIL.

225 299 482 348 Omnibus.
555 301 865 363 Adloquitur
889 307 1208 361 maerentem,
1234 307 1286 349 et
1308 303 1496 349 talibus
1518 303 1633 349 infit
1652 315 1662 350 t

224 375 445 435 Rhaebe,
471 377 557 422 diu
581 376 681 440 <res
705 377 746 423 si
770 394 868 440 qua
891 378 976 424 diu
999 379 1294 425 mortalibus
1317 379 1420 424 ulla
1443 378 1539 442 est)

222 453 470 500 Viximus.
541 455 654 500 Aut
678 455 822 501 hodie
845 455 1004 502 Victor
1027 456 1183 517 spolia
1207 456 1295 502 illa
1319 461 1530 502 cruenta

221 530 290 576 Et
313 537 466 592 caput
489 532 694 578 Aeneae
718 533 915 591 referes,
943 533 1192 595 Lausique
1217 534 1440 580 dolorum

218 607 373 654 Ultor
397 609 495 655 eris
520 626 713 656 mecum
736 628 744 658 :
772 615 878 668 aut,
905 611 1068 672 aperit
1092 611 1133 657 si
1158 611 1298 656 nulla
1322 611 1456 656 Viam
1480 611 1570 669 vis,

218 684 487 731 Occumbes
511 686 715 747 pariter.
788 686 965 749 Neque
990 688 1138 745 enim,
1165 687 1448 745 fortissime,
1473 688 1631 746 credo,

215 762 360 808 Iussa
385 762 550 809 aliena
574 764 684 825 pati
708 768 759 810 et
783 765 1004 810 dominos
1028 765 1297 826 dignabere
1321 766 1544 811 Teucros

216 840 374 897 Dixit,
401 844 452 886 et
476 846 710 902 exceptus
733 845 875 904 tergo
900 847 1137 888 consueta
1161 842 1346 888 locavit

214 916 460 974 Membra,
487 933 763 978 manusque
788 919 962 963 ambas
984 919 1158 964 iaculis
1180 919 1408 964 oneravit
1433 920 1608 978 acutis,

212 994 347 1039 Aere
371 998 524 1055 caput
548 994 761 1056 fulgens,
786 995 1037 1057 cristaque
1062 995 1286 1041 hirsutus
1311 996 1507 1058 equina.

212 1071 292 1117 Sic
317 1088 514 1117 cursum
539 1072 594 1118 in
618 1073 802 1118 medios
825 1073 1031 1134 rapidus
1054 1073 1201 1119 dedit.
1274 1074 1495 1120 Aestuat
1519 1075 1695 1137 ingens

212 1148 329 1194 Uno
352 1148 405 1194 in
431 1148 576 1195 corde
600 1149 773 1210 pudor,
800 1150 1055 1212 mixtoque
1078 1151 1277 1196 insania
1302 1151 1458 1209 luctu,

210 1224 278 1270 Et
303 1224 449 1271 furiis
475 1226 701 1287 agitatus
725 1243 879 1284 amor,
907 1233 957 1272 et
982 1228 1175 1273 conscia
1201 1229 1379 1275 virtus.

207 1302 380 1363 Atque
405 1303 483 1348 hic
507 1303 719 1350 Aenean
744 1320 929 1365 magna
953 1309 1034 1350 ter
1057 1321 1172 1351 voce
1197 1306 1408 1352 vocavit.

205 1380 409 1425 Aeneas
433 1379 674 1441 adgnovit
701 1381 849 1439 enim,
876 1382 1137 1444 laetusque
1160 1388 1397 1444 precatur
1419 1401 1428 1430 :

208 1456 286 1502 Sic
309 1466 455 1518 pater
478 1457 561 1503 ifle
585 1458 732 1504 deum
758 1458 929 1517 faciat,
956 1459 1023 1505 sic
1049 1460 1183 1505 altus
1206 1460 1388 1521 Apollo
1410 1464 1418 1507 1

207 1534 430 1595 Incipias
454 1534 678 1580 conferre
702 1552 924 1582 manum.

205 1611 428 1657 Tantum
455 1613 652 1671 effatus,
677 1618 729 1658 et
751 1612 938 1659 infesta
963 1613 1098 1659 subit
1122 1614 1296 1660 obvius
1319 1614 1480 1661 hasta.

204 1688 300 1734 Ille
324 1694 494 1735 autem
517 1707 525 1736 ε
553 1690 682 1745 Quid
707 1706 785 1736 me
809 1695 994 1752 erepto,
1021 1691 1319 1750 saevissime,
1345 1698 1501 1754 gnato

205 1766 413 1813 Terres2
488 1767 630 1814 Haec
654 1767 735 1812 via
761 1767 864 1812 sola
889 1767 1002 1825 fuit,
1030 1784 1129 1829 qua
1154 1768 1359 1829 perdere
1383 1785 1560 1830 posses.

202 1843 308 1889 Nec
333 1848 543 1889 mortem
568 1844 840 1902 horremus,
866 1860 956 1890 nec
983 1845 1146 1891 divom
1170 1846 1422 1907 parcimus
1446 1846 1551 1893 ulli.

203 1919 387 1965 Desine
409 1938 419 1967 ι
444 1920 546 1966 iam
570 1921 715 1966 venio
740 1921 1027 1980 moriturus,
1053 1928 1103 1968 et
1128 1922 1250 1968 haec
1274 1923 1370 1968 tibi
1394 1928 1538 1984 porto

200 1998 343 2044 Dona
367 1998 521 2059 prius.
596 1999 756 2057 Dixit,
783 1999 1039 2061 telumque
1062 2000 1263 2046 intorsit
1286 2001 1340 2046 in
1365 2001 1558 2047 hostem
1577 2019 1591 2061 3

202 2074 328 2120 Inde
353 2074 490 2120 aliud
516 2091 663 2137 super
687 2080 839 2137 atque
865 2075 1003 2121 aliud
1027 2076 1236 2139 figitque
1260 2077 1496 2139 volatque

200 2152 407 2213 Ingenti
432 2168 553 2213 gyro
573 2170 581 2199 :
608 2152 691 2198 sed
710 2153 924 2199 sustinet
949 2169 1132 2200 aureus
1157 2155 1322 2201 umbo.

200 2229 295 2274 Ter
318 2229 502 2275 circum
527 2229 813 2276 adstantem
838 2230 1003 2276 laevos
1027 2231 1276 2293 equitavit
1299 2232 1352 2277 in
1376 2233 1522 2292 orbis,

199 2306 319 2351 Tela
343 2322 499 2351 manu
521 2307 705 2353 iaciens
724 2324 737 2366 ,-
763 2314 842 2354 ter
865 2323 1030 2354 secum
1057 2309 1230 2355 Troius
1254 2309 1398 2356 heros

200 2382 466 2428 Inmanem
492 2388 664 2430 aerato
689 2384 977 2431 circumfert
1001 2386 1222 2446 tegmine
1246 2387 1437 2433 silvam.

200 2459 327 2505 Inde
351 2459 436 2504 ubi
461 2464 537 2506 tot
561 2461 774 2506 traxisse
799 2477 975 2519 moras,
1003 2467 1080 2508 tot
1104 2463 1292 2524 spicula
1318 2464 1487 2511 taedet

198 2535 413 2594 Vellere,
440 2542 490 2583 et
514 2544 761 2598 urguetur
784 2554 954 2600 pugna
979 2555 1269 2600 congressus
1292 2541 1480 2602 iniqua,

199 2612 369 2659 Multa
394 2629 595 2660 movens
619 2616 786 2660 animo
811 2615 912 2660 iam
940 2616 1143 2662 tandem
1169 2618 1401 2678 erumpit,
1429 2623 1481 2664 et
1505 2619 1639 2665 inter

199 2691 464 2737 Bellatoris
488 2692 603 2752 equi
626 2708 748 2738 cava
772 2697 997 2754 tempora
1022 2694 1201 2740 conicit
1226 2695 1440 2741 hastam.

198 2768 348 2813 Tollit
372 2783 422 2813 se
447 2767 702 2814 adrectum
728 2769 1025 2831 quadrupes,
1051 2775 1102 2816 et
1127 2771 1342 2817 calcibus
1367 2789 1515 2819 auras

198 2845 461 2904 Verberat,
487 2847 798 2908 effusumque
821 2848 1039 2909 equitem
1065 2863 1214 2909 super
1237 2849 1342 2910 ipse
1366 2856 1565 2897 secutus

197 2921 430 2983 Inplicat‚
456 2924 707 2985 eiectoque
729 2923 974 2970 incumbit
997 2940 1206 2971 cernuos
1230 2941 1385 2972 armo.

1800 305 1897 351 860

1797 692 1890 752 865

1795 1079 1891 1138 870

1787 1851 1884 1896 880

1784 2239 1876 2299 885

1778 2624 1872 2684 890
