2138 3241
230 195 287 240 16
954 205 1153 238 VERGIL.

292 324 398 369 Nec
421 324 523 369 iam
548 322 685 369 fama
710 321 829 368 mali
853 321 1001 377 tanti,
1029 320 1110 366 sed
1135 324 1314 366 certior
1337 323 1511 365 auctor

224 402 445 447 Advolat
466 402 685 458 Aeneae,
712 400 853 446 tenui
877 397 1157 444 discrimine
1180 397 1269 443 leti

224 479 344 525 Esse
369 494 508 524 suos:
535 482 731 539 tempus
755 475 907 521 versis
932 489 1215 520 succurrere
1239 473 1451 519 Teucris

224 554 461 601 Proxima
487 568 710 615 quaeque
735 550 881 596 metit
905 549 1084 611 gladio,
1110 549 1370 610 latumque
1394 564 1481 610 per
1514 564 1694 609 agmen

220 632 420 678 Ardens
443 631 651 676 limitem
677 629 784 689 agit
809 627 953 683 ferro,
993 632 1060 684 te,
1086 627 1266 682 Turne,
1293 626 1561 686 superbum

225 709 385 756 Caede
409 723 538 753 nova
563 720 818 768 quaerens,
891 703 1074 759 Pallas,
1101 701 1352 758 Euander,
1378 702 1431 747 in
1453 701 1573 762 ipsis

226 786 407 833 Omnia
433 788 551 830 sunt
577 782 728 828 oculis
743 799 755 840 3
781 795 994 837 mensae,
1021 795 1146 840 quas
1169 778 1362 823 advena
1386 778 1574 839 primas

223 863 362 909 Tunc
385 861 524 917 adiit,
552 859 854 919 dext-raeque
880 856 1044 902 datae.
1116 855 1350 901 Sulmone
1374 859 1565 900 creatos

224 940 477 995 Quattuor
501 937 581 983 hic
604 936 821 992 iuvenes,
847 932 1057 979 totidem
1083 947 1204 994 quos
1230 931 1410 977 educat
1434 930 1614 990 Ufens,

224 1015 459 1062 Viventis
482 1013 632 1075 rapit,
658 1012 865 1058 inferias
888 1026 1010 1072 quos
1032 1009 1239 1055 inmolet
1275 1008 1479 1066 umbris,

226 1092 534 1155 Captivoque
557 1089 664 1151 rogi
687 1087 960 1151 perfundat
984 1086 1226 1147 sanguine
1251 1085 1492 1134 flammas,

225 1171 352 1218 Inde
377 1169 531 1230 Mago
554 1166 724 1229 procul
747 1165 997 1211 infensam
1021 1163 1347 1209 contenderat
1370 1162 1583 1209 hastam.

226 1249 321 1295 Ille
346 1252 461 1293 astu
485 1245 620 1291 subit
637 1261 649 1303 3
675 1248 731 1289 at
754 1241 1074 1288 tremibunda
1100 1241 1387 1302 supervolat
1411 1241 1585 1295 hasta3

228 1325 296 1371 Et
321 1339 483 1386 genua
506 1321 808 1384 amplectens
832 1320 1014 1366 effatur
1038 1318 1163 1364 talia
1188 1317 1423 1379 supplex:

226 1401 324 1448 Per
346 1400 536 1463 patrios
559 1398 740 1454 Manis,
766 1412 854 1458 per
877 1411 986 1458 spes
1010 1395 1258 1456 surgentis
1283 1394 1384 1440 Iuli

228 1479 295 1524 Te
319 1493 503 1540 precor,
531 1476 660 1522 hanc
685 1474 908 1519 animam
934 1488 1095 1519 serves
1120 1476 1369 1533 gnatoque
1393 1471 1639 1533 patrique.

227 1556 320 1601 Est
346 1555 519 1600 domus
544 1553 649 1599 alta
667 1569 679 1611 3
704 1551 870 1597 iacent
894 1551 1095 1612 penitus
1120 1549 1311 1596 defossa
1335 1549 1531 1595 talenta

228 1632 422 1679 Caelati
447 1630 672 1692 argenti;
699 1633 817 1674 sunt
841 1627 953 1673 auri
976 1626 1193 1689 pondera
1217 1625 1340 1671 facti

228 1708 510 1770 Infectique
535 1705 673 1752 mibi.
744 1704 862 1750 Non
887 1704 966 1750 hic
990 1703 1196 1749 victoria
1221 1703 1465 1748 Teucrum

229 1786 496 1843 Vertitur3
521 1788 612 1829 aut
637 1783 807 1828 anima
832 1798 934 1827 una
960 1781 1099 1827 dabit
1125 1780 1410 1826 discrimina
1434 1784 1597 1826 tanta.

233 1864 459 1910 Dixerat.
531 1862 733 1907 Aeneas
756 1864 930 1905 contra
956 1859 1037 1904 cui
1058 1858 1183 1903 talia
1207 1857 1396 1904 reddit:

230 1940 448 2002 Argenti
472 1943 624 2000 atque
648 1937 760 1982 auri
783 1951 1026 1981 memoras
1050 1951 1177 1996 quae
1201 1935 1363 1979 multa
1387 1934 1583 1979 talenta

231 2017 412 2063 Gnatis
436 2030 582 2077 parce
605 2013 718 2059 tuis.
793 2012 921 2058 Belli
944 2011 1219 2057 conmercia
1244 2011 1442 2056 Turnus

232 2093 448 2141 Sustulit
471 2093 570 2137 ista
596 2091 728 2152 prior
752 2090 854 2135 iam
878 2094 989 2134 tum
1014 2087 1248 2133 Pallante
1272 2091 1541 2148 perempto.

232 2172 343 2217 Hoc
365 2169 523 2231 patris
546 2166 798 2213 Anchisae
824 2165 1017 2223 Manes,
1044 2165 1132 2210 hoc
1156 2165 1310 2210 sentit
1342 2164 1498 2209 Iulus.

233 2248 311 2294 Sic
335 2246 473 2292 fatus
496 2245 691 2307 galeam
715 2243 857 2289 laeva
882 2248 1035 2299 tenet,
1062 2247 1213 2303 atque
1248 2241 1433 2286 reflexa

235 2325 434 2372 Cervice
457 2322 648 2369 orantis
671 2321 846 2382 capulo
870 2325 1018 2366 tenus
1042 2320 1260 2380 adplicat
1285 2334 1464 2364 ensem.

231 2402 339 2448 Nec
363 2399 530 2462 procul
556 2397 907 2454 Haemonides,
933 2395 1121 2441 Phoebi
1145 2395 1439 2455 Triviaeque
1464 2393 1700 2449 sacerdos,

232 2478 408 2525 Insula
433 2476 511 2522 cui
534 2491 674 2522 sacra
698 2474 966 2519 redimibat
989 2478 1216 2534 tempora
1240 2472 1386 2528 vitta,

233 2557 386 2602 Totus
410 2555 670 2601 conlucens
695 2556 832 2597 veste
855 2556 1005 2611 atque
1030 2549 1308 2610 insignibus
1333 2548 1500 2594 armis.

235 2635 393 2690 Quem
418 2645 705 2692 congressus
730 2629 836 2690 agit
861 2643 1050 2689 campo,
1075 2627 1369 2687 lapsumque
1393 2629 1682 2686 superstans

235 2709 472 2766 Inmolat,
497 2706 788 2768 ingentique
812 2704 990 2750 umbra
1014 2704 1143 2764 tegit
1163 2720 1176 2762 3
1201 2719 1344 2748 arma
1370 2703 1594 2748 Serestus

236 2789 388 2834 Lecta
412 2785 568 2831 refert
591 2782 826 2839 humeris,
857 2781 964 2839 tibi,
990 2796 1079 2826 rex
1105 2779 1336 2838 Gradive,
1362 2784 1635 2841 tropaeum.

237 2867 540 2912 Instaurant
563 2861 690 2907 acies
720 2859 926 2905 Volcani
951 2858 1105 2920 stirpe
1129 2862 1323 2903 creatus

238 2939 480 2989 Caeculus
502 2943 554 2985 et
577 2937 780 2984 veniens
805 2935 1091 2982 Marsorum
1115 2933 1370 2979 montibus
1395 2933 1602 2982 Umbro.

1798 331 1894 379 510

1800 714 1892 763 515

1799 1099 1895 1147 520

1803 1485 1894 1533 525

1805 1871 1900 1918 530

1807 2253 1899 2301 535

1808 2639 1905 2687 540
