2138 3241
212 167 276 212 24
950 187 1149 221 VERGIL.

203 297 282 344 Ut
305 297 447 356 vidit,
475 298 668 345 Lausus
686 317 699 359 3
727 301 1054 363 lacrimaeque
1077 317 1166 363 per
1188 318 1276 349 ora
1299 304 1515 351 volutae.

203 373 304 418 Hic
327 374 500 420 mortis
524 375 678 423 durae
701 394 885 436 casum,
911 383 1097 440 tuaque
1121 379 1311 441 optima
1336 381 1484 440 facta,

203 449 255 495 Si
280 466 378 511 qua
401 451 548 497 fidem
572 457 714 499 tanto
739 458 814 499 est
838 454 971 515 operi
995 454 1165 500 latura
1189 460 1430 515 vetustas,

199 526 318 573 Non
342 528 582 589 equidem,
609 545 698 576 nec
721 535 787 589 te,
813 531 1008 577 iuvenis
1032 534 1363 592 memorande,
1389 536 1551 583 silebo.

198 605 293 650 Ille
317 604 490 665 pedem
515 605 735 653 referens
758 612 810 653 et
833 608 1025 654 inutilis
1048 609 1199 670 inque
1223 610 1408 671 ligatus

198 681 430 739 Cedebat,
457 682 706 744 clipeoque
729 685 984 731 inimicum
1008 685 1190 732 hastile
1213 688 1464 734 trahebat.

197 756 435 819 Prorupit
459 758 667 817 iuvenis,
694 775 894 822 seseque
918 761 1172 808 inmiscuit
1197 764 1380 823 armis3

194 835 406 896 Iamque
429 835 743 897 adsurgentis
767 838 943 883 dextra
968 840 1266 901 plagamque
1291 841 1501 888 ferentis

193 912 396 957 Aeneae
419 912 572 958 subiit
597 929 897 972 mucronem,
924 916 1184 978 ipsumque
1210 919 1447 965 morando

197 988 477 1047 Sustinuit3
503 990 620 1035 socii
645 1007 825 1053 magno
851 993 1062 1038 clamore
1088 1000 1339 1053 secuntur,

199 1065 334 1111 Dum
359 1066 555 1127 genitor
578 1068 722 1128 gnati
746 1085 923 1130 parma
945 1074 1198 1131 protectus
1224 1072 1385 1118 abiret
1403 1090 1414 1131 3

192 1142 408 1204 Telaque
432 1144 698 1203 coniciunt,
725 1147 1126 1209 proturbantque
1150 1150 1345 1195 eminus
1368 1150 1562 1196 hostem

195 1219 482 1266 Missilibus.
554 1221 701 1268 Furit
724 1224 939 1282 Aeneas,
965 1229 1227 1287 tectusque
1251 1232 1391 1273 tenet
1416 1243 1479 1273 se.

189 1297 266 1342 Ac
291 1297 442 1354 velut,
470 1299 626 1345 effusa
646 1300 685 1345 si
711 1301 910 1362 quando
934 1303 1178 1363 grandine
1206 1304 1365 1350 nimbi

189 1374 544 1436 Praecipitant,
571 1378 729 1423 omnis
753 1378 941 1439 campis
967 1379 1165 1441 diffugit
1190 1386 1376 1439 arator,

189 1451 362 1498 Omnis
387 1457 437 1498 et
461 1453 693 1514 agricola,
720 1460 772 1500 et
796 1460 913 1502 tuta
937 1457 1063 1503 latet
1089 1474 1200 1504 arce
1224 1460 1402 1519 viator,

187 1530 300 1574 Aut
324 1530 485 1576 amnis
508 1531 643 1592 ripis,
670 1537 761 1578 aut
785 1533 876 1579 alti
901 1533 1087 1581 fornice
1109 1536 1233 1594 saxi,

189 1606 325 1652 Dum
350 1606 480 1667 pluit
504 1607 557 1653 in
581 1609 744 1667 terris7
771 1614 829 1656 ut
853 1612 1044 1671 possint
1068 1612 1167 1658 sole
1191 1613 1395 1660 reducto

188 1683 433 1729 Exercere
459 1684 588 1730 diem
610 1703 618 1732 :
647 1687 713 1731 sic
739 1687 947 1734 obrutus
974 1688 1194 1750 undique
1218 1691 1331 1736 telis

185 1760 386 1805 Aeneas
410 1761 592 1806 nubem
620 1763 750 1821 belli,
778 1763 897 1810 dum
925 1765 1129 1811 detonet
1154 1768 1327 1824 omnis,

188 1836 428 1895 Sustinet,
454 1842 506 1883 et
533 1838 754 1884 Lausum
779 1840 1066 1903 increpitat,
1095 1843 1355 1905 Lausoque
1380 1847 1620 1893 minatur.

185 1913 294 1968 Quo
318 1914 559 1961 moriture
583 1916 701 1975 ruis,
728 1918 1018 1980 maioraque
1043 1920 1234 1966 Viribus
1260 1922 1445 1970 audes?

184 1990 338 2036 Fallit
361 1995 413 2036 te
437 1992 699 2040 incautum
724 1995 885 2055 pietas
909 2001 1016 2043 tua.
1088 1998 1197 2044 Nec
1226 1999 1393 2045 minus
1421 2000 1504 2046 ille

181 2067 422 2114 Exsultat
447 2069 662 2116 demens.
736 2072 925 2118 Saevae
948 2074 1149 2136 iamque
1175 2075 1329 2122 altius
1352 2077 1458 2123 irae

184 2144 444 2191 Dardanio
467 2153 682 2208 surgunt
707 2149 915 2208 ductori,
943 2156 1266 2214 extremaque
1293 2153 1458 2201 Lauso

183 2220 369 2267 Parcae
394 2220 478 2267 fila
502 2222 678 2285 legunt
702 2243 710 2272 :
737 2227 959 2272 validum
984 2244 1203 2290 namque
1226 2230 1382 2292 exigit
1408 2247 1574 2277 ensem

185 2298 282 2343 Per
306 2298 524 2345 medium
548 2300 747 2347 Aeneas
772 2303 1017 2362 iuvenem,
1043 2310 1306 2368 totumque
1330 2309 1554 2354 recondit
1572 2325 1586 2368 3

183 2375 404 2421 Transiit
429 2380 479 2421 et
502 2392 733 2437 parmam
759 2396 944 2438 mucro,
969 2382 1096 2427 levia
1121 2399 1260 2429 arma
1284 2385 1507 2442 minacis,

185 2451 254 2497 Et
278 2452 518 2512 tunicam,
546 2455 681 2501 molli
707 2462 870 2503 mater
895 2476 1046 2520 quam
1071 2467 1276 2507 neverat
1301 2479 1439 2521 auro,

186 2529 508 2592 1nplevitque
533 2532 698 2578 sinum
724 2535 927 2596 sanguis
946 2553 958 2594 3
984 2541 1094 2582 tum
1119 2539 1226 2583 vita
1249 2555 1338 2600 per
1362 2556 1512 2586 auras

185 2607 436 2654 Concessit
462 2614 654 2655 maesta
682 2611 745 2656 ad
773 2611 955 2672 Manis,
981 2630 1254 2676 corpusque
1278 2617 1497 2678 reliquit.

182 2684 257 2729 At
282 2699 398 2730 Vero
423 2689 481 2731 ut
505 2686 698 2733 voltum
723 2689 850 2734 Vidit
877 2691 1133 2737 morientis
1158 2698 1208 2737 et
1233 2709 1333 2752 ora,

183 2761 284 2807 Ora
307 2762 462 2808 modis
485 2764 816 2811 Anchisiades
840 2767 1083 2827 pallentia
1111 2769 1264 2828 miris,

182 2838 438 2898 Ingemuit
462 2839 704 2887 miserans
727 2844 965 2902 graviter,
993 2844 1323 2907 dextramque
1348 2849 1584 2907 tetendit,

183 2913 252 2958 Et
276 2918 494 2961 mentem
519 2918 716 2978 patriae
741 2919 897 2966 subiit
921 2921 1126 2982 pietatis
1150 2923 1327 2984 imago.

1783 322 1874 369 790

1777 705 1866 754 795

1778 1078 1873 1122 800

1771 1465 1864 1524 805

1775 1851 1872 1896 810

1769 2236 1863 2296 815

1771 2623 1867 2667 820
