2138 3241
910 241 1098 273 AENEID
1133 242 1178 274 X.

220 352 544 413 Omnipotens
561 368 574 410 3
611 352 732 413 quin
756 356 808 398 et
831 368 1029 414 pugnae
1053 354 1324 400 subducere
1349 355 1589 412 Turnum,

218 429 286 474 Et
310 428 493 474 Dauno
515 443 704 488 possem
728 428 1023 474 incolumem
1048 446 1246 476 servare
1269 431 1483 492 parenti.

217 504 367 550 Nunc
390 508 574 566 pereat,
600 504 894 566 Teucrisque
917 505 998 566 pio
1023 505 1106 551 det
1132 506 1374 567 sanguine
1399 521 1594 568 poenas.

216 581 311 626 Ille
334 585 506 626 tamen
529 585 700 626 nostra
724 580 920 627 deducit
944 582 1132 643 origine
1152 599 1344 640 nomen,

217 658 573 720 Pilumnusque
595 658 668 703 1111
692 663 904 720 quartus
928 664 1073 721 pater
1094 677 1105 718 3
1132 665 1183 706 et
1208 666 1297 706 tua
1322 660 1466 722 larga

216 733 370 796 Saepe
394 750 547 780 manu
571 735 838 796 multisque
862 737 1090 782 oneravit
1112 737 1285 782 limina
1310 737 1462 782 donis.

216 810 310 856 Oui
332 826 421 856 rex
444 811 653 856 aetherii
677 811 894 857 breviter
917 812 984 857 sic
1009 812 1146 858 fatus
1170 812 1369 874 Olympi
1391 831 1399 859 :

217 887 269 933 Si
291 903 431 933 mora
455 888 730 948 praesentis
752 888 840 934 leti
864 894 1156 951 tempusque
1180 891 1359 936 caduco

215 964 404 1010 Oratur
425 964 607 1023 iuveni,
632 981 806 1025 meque
830 965 921 1010 hoc
944 966 1018 1011 ita
1042 982 1222 1027 ponere
1246 968 1412 1025 30111313,

214 1041 348 1087 Tolle
372 1040 492 1103 fuga
516 1043 754 1099 Turnum,
782 1048 933 1103 atque
957 1045 1262 1089 inst-antibus
1286 1046 1418 1105 eripe
1442 1044 1572 1090 fatis

215 1119 476 1164 Hactenus
500 1118 758 1164 indulsisse
782 1124 940 1164 vacat.
1015 1120 1101 1165 Sin
1126 1121 1274 1165 altior
1298 1122 1405 1167 istis

217 1194 320 1240 Sub
343 1195 568 1255 precibus
591 1195 738 1240 venia
762 1195 866 1239 ulla
888 1196 1030 1252 latet,
1056 1200 1315 1257 totumque
1340 1197 1527 1243 moveri

217 1271 472 1317 Mutarive
497 1277 645 1333 putas
668 1272 866 1329 bellum,
893 1288 999 1333 spes
1024 1274 1182 1333 pascis
1213 1274 1390 1319 inanis.

215 1350 284 1395 Et
309 1350 438 1394 Iuno
463 1349 795 1395 adlacrimans
818 1367 826 1396 ε
864 1350 992 1405 Quid
1018 1351 1072 1408 si,
1099 1351 1228 1411 quod
1253 1367 1366 1397 Voce
1390 1355 1630 1413 gravaris,

216 1426 390 1472 Mente
412 1426 570 1485 dares,
597 1431 748 1488 atque
773 1427 892 1473 haec
916 1428 1083 1473 Turno
1108 1434 1218 1473 rata
1244 1428 1348 1474 vita
1373 1432 1631 1475 maneret?

214 1504 364 1549 Nunc
387 1507 558 1549 manet
581 1503 829 1549 insontem
854 1504 1020 1564 gravis
1044 1504 1234 1563 exitus3
1272 1509 1361 1550 aut
1385 1521 1474 1566 ego
1497 1506 1602 1551 veri

214 1578 367 1626 Vana
390 1579 535 1625 feror.
607 1580 748 1635 Quod
773 1584 831 1626 ut
855 1596 882 1625 o
906 1581 1069 1641 potius
1093 1581 1356 1627 formidine
1381 1582 1508 1628 falsa

217 1655 402 1714 Ludar,
428 1661 479 1701 et
501 1657 555 1701 in
578 1656 754 1701 melius
776 1661 883 1715 tua,
909 1658 994 1718 qui
1018 1662 1171 1718 potes,
1197 1674 1306 1704 orsa
1330 1660 1556 1705 reflectas
1578 1662 1585 1705 Ι

216 1734 358 1779 Η300
382 1734 468 1779 ubi
491 1734 622 1779 (110133
647 1733 796 1791 dedit,
823 1735 956 1779 caelo
980 1750 1029 1779 se
1053 1736 1280 1796 protinus
1303 1737 1405 1781 alto

217 1810 374 1868 Misit,
399 1826 549 1872 agens
573 1811 798 1869 hiemem,
826 1811 993 1857 nimbo
1018 1813 1280 1870 succincta,
1307 1829 1394 1874 per
1421 1830 1582 1871 auras,

215 1887 521 1949 Iliacamque
545 1888 700 1933 aciem
723 1893 775 1933 et
801 1888 1075 1934 Laurentia
1100 1896 1264 1935 castra
1288 1891 1480 1950 petivit.

215 1963 342 2009 Tum
373 1963 464 2009 dea
487 1964 619 2009 nube
642 1980 764 2010 cava
787 1969 988 2010 tenuem
1014 1966 1119 2011 sine
1142 1967 1331 2012 viribus
1354 1967 1585 2013 umbram

215 2042 281 2086 In
304 2040 482 2087 faciem
505 2041 708 2086 Aeneae
733 2040 863 2102 (visu
887 2043 1113 2088 mirabile
1137 2043 1438 2107 monstrum)

218 2117 488 2163 Dardaniis
512 2122 660 2162 ornat
683 2118 809 2175 telis,
835 2118 1142 2180 clipeumque
1166 2120 1405 2182 iubasque

218 2193 391 2239 Divini
413 2193 683 2239 adsimulat
706 2195 883 2255 capitis
902 2211 915 2253 3
952 2195 1040 2241 dat
1063 2196 1237 2242 inania
1261 2198 1413 2243 verba
1433 2215 1445 2256 3

218 2269 325 2316 Dat
348 2270 452 2316 sine
475 2275 642 2316 mente
667 2286 858 2329 sonum,
883 2287 1174 2333 gressusque
1198 2274 1388 2335 effingit
1413 2275 1576 2320 euntis
1598 2292 1607 2321 ε

217 2346 386 2392 Morte
408 2347 544 2392 obita
569 2347 728 2409 qualis
752 2348 890 2393 fama
914 2353 988 2394 est
1013 2349 1222 2395 volitare
1246 2351 1443 2412 figuras,

216 2424 327 2469 Aut
351 2439 478 2485 quae
502 2425 681 2485 sopitos
705 2424 947 2470 deludunt
970 2426 1160 2471 somnia
1184 2442 1366 2473 sensus.

218 2500 293 2545 At
315 2500 500 2561 primas
523 2500 657 2546 laeta
681 2505 800 2546 ante
824 2502 952 2547 acies
974 2502 1194 2548 exsultat
1217 2503 1395 2565 imago,

220 2577 510 2638 Inritatque
533 2578 696 2623 virum
720 2579 845 2636 telis,
872 2584 923 2625 et
947 2596 1062 2626 voce
1079 2580 1289 2627 lacessit.

219 2655 391 2700 Instat
414 2655 493 2700 cui
517 2655 729 2714 Turnus,
755 2656 1145 2718 stridentemque
1169 2659 1363 2704 eminus
1386 2659 1584 2705 hastam

221 2730 440 2790 Gonicit3
475 2731 562 2776 issa
587 2731 705 2777 dato
729 2734 884 2779 vertit
906 2735 1117 2796 vestigia
1140 2741 1294 2797 tergo.

219 2806 345 2851 Tum
369 2822 485 2852 vero
508 2808 718 2853 Aenean
742 2825 969 2855 aversum
994 2815 1052 2856 ut
1075 2811 1243 2857 cedere
1267 2813 1465 2858 Turnus

223 2883 459 2940 Credidit,
484 2889 636 2945 atque
659 2887 826 2931 animo
849 2902 985 2947 spem
1010 2889 1236 2933 turbidus
1261 2889 1429 2934 hausit
1452 2890 1651 2936 inanem
1675 2909 1683 2937 ε

221 2960 329 3015 Quo
353 2958 498 3021 fugis,
525 2961 732 3008 Aenea?
766 2962 1016 3010 thalamos
1039 2980 1101 3010 ne
1125 2965 1290 3011 desere
1313 2972 1482 3026 pactos
1500 2983 1514 3024 3

1821 232 1879 277 19

1786 360 1877 418 615

1786 742 1880 785 620

1787 1125 1877 1183 625

1789 1509 1883 1566 630

1792 2279 1886 2334 640
