2138 3241
929 199 1114 230 AENEID
1150 200 1195 231 X.

228 311 384 369 Iuvit,
410 315 461 357 et
482 311 738 373 Argolicos
761 312 977 358 medium
1002 312 1185 374 fugisse
1210 330 1296 375 per
1320 315 1464 376 ignis,

226 387 416 449 Totque
440 389 591 434 maris
614 393 881 449 vastaeque
904 389 1148 436 exhausta
1173 391 1390 452 pericula
1413 396 1591 450 terrae,

227 465 363 510 Dum
389 464 589 511 Latium
614 466 786 511 Teucri
810 465 1121 528 recidivaque
1148 467 1394 529 Pergama
1418 472 1702 529 quaerunt?

224 541 342 587 Non
366 543 537 599 satius,
563 543 748 588 cineres
771 543 963 603 patriae
988 544 1216 590 insedisse
1241 561 1507 606 supremos,

223 619 397 680 Atque
421 618 594 676 solum,
621 634 717 680 quo
741 620 885 664 Troia
912 619 1039 666 fuit‘l
1109 621 1373 667 Xanthum
1398 627 1448 668 et
1474 623 1726 669 Simoenta

225 693 409 753 Redde,
435 710 533 752 oro,
561 696 749 741 miseris
769 712 781 754 3
817 696 1097 758 iterumque
1122 698 1372 744 revolvere
1396 715 1538 745 casus

226 770 320 828 Da,
347 775 506 831 pater,
533 771 714 817 Iliacos
738 772 954 818 Teucris.

1094 851 1220 896 Tum
1245 852 1382 913 regia
1410 853 1539 898 Iuno

223 925 356 970 Acta
380 924 547 971 furore
571 927 713 987 gravi
736 944 744 973 :
783 927 913 982 Quid
938 943 1016 973 me
1040 929 1147 973 alta
1172 929 1370 974 silentia
1395 931 1525 990 cogis

225 1001 490 1062 Rumpere,
516 1006 567 1047 et
591 1003 856 1049 obductum
884 1005 1044 1050 verbis
1069 1005 1267 1065 volgare
1293 1005 1505 1052 dolorem
1526 1009 1541 1053 2

223 1079 432 1123 Aenean
457 1078 715 1124 hominum
741 1080 1001 1141 quisquam
1028 1081 1289 1142 divomque
1313 1083 1507 1143 subegit

225 1155 366 1200 Bella
391 1155 542 1216 sequi,
568 1161 659 1201 aut
684 1156 872 1201 hostem
898 1157 1002 1217 regi
1025 1173 1074 1202 se
1098 1158 1283 1203 inferre
1310 1159 1523 1206 Latino?

225 1232 431 1277 Italiam
457 1232 577 1277 fatis
602 1233 746 1293 petiit
771 1234 1058 1279 auctoribus
1077 1251 1090 1293 3
1127 1240 1258 1293 esto,

225 1308 530 1354 Cassandrae
549 1309 773 1370 inpulsus
797 1309 968 1356 furiis:
1007 1327 1128 1356 num
1153 1311 1377 1373 linquere
1401 1317 1565 1358 castra

228 1386 438 1431 Hortati
462 1401 645 1443 sumus,
674 1391 765 1432 aut
790 1387 949 1432 vitam
974 1388 1266 1434 conmittere
1291 1389 1483 1435 ventis?

223 1461 362 1507 Num
387 1478 540 1523 puero
565 1479 811 1508 summam
836 1463 964 1521 belli,
991 1481 1111 1509 num
1137 1465 1333 1510 credere
1359 1468 1556 1512 muros?

222 1538 594 1599 Tyrrhenamve
619 1539 765 1585 fidem
789 1545 878 1585 aut
903 1541 1067 1602 gentis
1091 1541 1282 1602 agitare
1308 1542 1535 1602 quietas?

223 1615 343 1671 Quis
367 1614 485 1660 deus
508 1615 562 1661 in
589 1615 828 1673 fraudem,
857 1633 981 1677 quae
1007 1617 1132 1663 dura
1159 1618 1383 1678 potentia
1408 1624 1580 1664 nostra

223 1693 378 1754 Egit-,2
414 1692 517 1738 Ubi
542 1692 621 1738 hic
646 1693 789 1751 Iuno,
816 1693 1084 1739 demissave
1109 1695 1323 1739 nubibus
1350 1696 1477 1742 Iris?

223 1769 494 1830 Indignum
520 1774 608 1826 est,
636 1769 794 1814 Italos
818 1769 1015 1814 Troiam
1040 1770 1347 1816 circumdare
1374 1771 1589 1816 flammis

223 1845 540 1904 Nascentem,
567 1850 618 1891 et
641 1846 806 1907 patria
833 1846 1058 1891 Turnum
1082 1847 1346 1892 consistere
1369 1852 1521 1906 terra,

224 1922 317 1969 Cui
342 1922 603 1967 Pilumnus
621 1938 753 1980 avos,
779 1923 858 1968 cui
884 1922 998 1967 diva
1024 1922 1226 1967 Venilia
1253 1928 1415 1969 mater
1439 1942 1447 1970 :

223 1998 366 2057 Quid,
393 1998 498 2044 face
522 1999 758 2044 Troianos
784 2003 898 2044 atra
923 1999 1024 2044 vim
1049 1999 1180 2044 ferre
1207 1999 1415 2058 Latinis,

222 2076 362 2121 Arva
385 2075 550 2120 aliena
572 2075 688 2136 iugo
712 2090 948 2136 premere,
973 2080 1124 2136 atque
1149 2080 1376 2122 avertere
1400 2077 1641 2138 praedas?

223 2152 367 2210 Quid,
392 2167 578 2197 soceros
601 2151 725 2213 legei
737 2167 776 2208 e,
804 2157 854 2197 et
877 2152 1078 2213 gremiis
1102 2152 1345 2197 abducere
1368 2158 1556 2214 pactas,

224 2229 402 2274 Pacem
426 2243 568 2274 orare
593 2244 760 2286 manu,
786 2228 1058 2289 praefigere
1082 2229 1328 2289 puppibus
1352 2232 1525 2276 arma?

225 2306 296 2351 Tu
319 2309 458 2366 potes
480 2305 692 2351 Aenean
716 2305 946 2349 manibus
970 2305 1240 2350 subducere
1265 2305 1488 2363 Graium,

227 2382 419 2443 Proque
442 2382 548 2427 viro
571 2382 805 2427 nebulam
830 2386 881 2427 et
906 2386 1078 2427 ventos
1103 2381 1370 2427 obtendere
1394 2382 1557 2428 inanis
1577 2400 1590 2441 3

229 2459 294 2504 Et
318 2463 456 2519 potes
478 2458 533 2503 in
555 2458 764 2504 totidem
788 2459 991 2504 classem
1016 2463 1303 2504 convertere
1328 2459 1592 2519 Nymphas
1614 2476 1622 2504 :

225 2535 328 2581 Nos
352 2534 540 2595 aliquid
565 2533 781 2579 Rutulos
804 2539 977 2579 contra
1001 2534 1180 2579 iuvisse
1204 2533 1476 2580 nefandum
1501 2537 1607 2580 estCl

227 2612 420 2657 Aeneas
441 2611 646 2671 ignarus
670 2610 809 2656 abest
832 2629 839 2657 :
875 2610 1081 2671 ignarus
1104 2615 1154 2655 et
1178 2611 1321 2655 absit.

228 2688 317 2734 Est
341 2687 558 2748 Paphus,
586 2686 901 2748 Idaliumque
924 2687 1030 2744 tibi,
1057 2691 1175 2732 sunt
1199 2687 1305 2732 alta
1331 2687 1551 2748 Cythera
1575 2704 1583 2732 :

224 2764 353 2821 Quid
376 2763 636 2825 gravidam
663 2763 800 2808 bellis
823 2763 996 2809 urbem
1021 2768 1072 2809 et
1095 2764 1240 2809 corda
1265 2779 1440 2824 aspera
1466 2765 1664 2808 tentas?

224 2842 393 2888 Nosne
416 2840 509 2886 tibi
533 2840 694 2886 fluxas
718 2839 967 2901 Phrygiae
991 2856 1068 2885 res
1093 2844 1285 2885 vertere
1309 2839 1464 2884 fundo

226 2919 509 2965 Conamur‘l
545 2918 668 2962 nos?
704 2932 770 2962 an
794 2916 994 2961 miseros
1020 2917 1104 2977 qui
1129 2917 1280 2960 Troas
1304 2916 1509 2960 Achivis

1831 628 1892 671 60

1832 1863 1886 1910 75

1829 2233 1890 2277 80
