2138 3241
239 170 266 213 2
972 181 1169 212 VERGIL.

237 297 334 342 Per
357 297 539 343 medios
561 297 770 358 insignis
793 295 944 357 equis,
972 295 1294 356 tumidusque
1317 295 1529 341 secundo

238 373 405 419 Marte
428 375 580 420 ruat?
650 374 767 419 Non
792 372 959 418 clausa
982 376 1163 433 tegunt
1186 373 1287 418 iam
1313 373 1509 418 moenia
1533 373 1757 420 Teucros.

238 451 370 507 Quin
393 450 530 496 intra
555 455 726 511 portas
750 455 904 510 atque
928 449 1045 510 ipsis
1068 449 1253 510 proelia
1278 450 1486 495 miscent

236 528 521 589 Aggeribus
545 543 838 585 moerorum,
865 531 916 572 et
938 527 1192 572 inundant
1216 526 1459 588 sanguine
1483 525 1651 573 fossas,

235 604 432 650 Aeneas
456 604 663 664 ignarus
688 604 841 649 abest.
915 603 1273 663 Numquamne
1297 603 1454 649 levari
1849 622 1872 652 2
1881 619 1905 667 5

242 681 506 727 Obsidione
530 681 693 728 sines?
764 681 929 727 Muris
952 681 1136 727 iterum
1160 681 1372 726 inminet
1397 681 1552 728 hostis

235 759 502 805 Nascentis
525 760 712 818 Troiae,
738 775 828 805 nec
852 776 953 805 non
977 759 1222 805 exercitus
1245 759 1375 805 alter
1393 776 1406 818 3

234 837 408 896 Atque
431 836 615 882 iterum
639 837 692 882 in
716 836 926 882 Teucros
949 836 1145 882 Aetolis
1168 836 1330 897 surgit
1354 837 1419 882 ab
1442 836 1598 898 Arpis

234 912 457 973 Tydides.
529 912 775 973 Equidem
799 912 956 970 cred0‚
983 928 1094 958 mea
1118 911 1322 958 volnera
1344 917 1555 971 restant,

236 990 305 1035 Et
328 994 418 1036 tua
440 991 698 1052 progenies
722 991 951 1036 mortalia
975 990 1201 1036 demoror
1223 1005 1366 1036 arma
1391 992 1399 1036 Ξ
1844 1009 1906 1053 30

237 1067 288 1113 Si
313 1066 418 1112 sine
442 1083 562 1129 pace
586 1072 677 1113 tua
700 1072 852 1129 atque
877 1067 1036 1112 invito
1060 1067 1266 1112 numine
1290 1066 1441 1112 Troes

236 1143 442 1189 Italiam
467 1145 654 1206 petiere
677 1161 686 1191 z
723 1144 870 1190 luant
894 1148 1114 1205 peccata,
1140 1159 1300 1204 neque
1321 1143 1432 1189 illos

236 1221 431 1267 Iuveris
456 1221 655 1268 auxilio.
729 1221 817 1267 Sin
842 1226 918 1266 tot
943 1236 1176 1282 responsa
1200 1221 1372 1277 secuti,

237 1299 376 1354 Quae
403 1299 580 1360 Superi
605 1299 883 1360 Manesque
909 1299 1100 1344 dabant
1123 1315 1132 1344 :
1171 1314 1259 1344 cur
1283 1314 1418 1343 nunc
1442 1303 1531 1344 tua
1557 1299 1820 1360 quisquam

235 1375 449 1421 Vertere
474 1375 606 1422 iussa
631 1379 807 1437 potest,
835 1379 925 1420 aut
949 1391 1036 1420 cur
1060 1391 1189 1420 nova
1214 1374 1421 1421 condere
1445 1374 1587 1422 fata?
1849 1391 1907 1439 35

236 1451 365 1507 Quid
388 1456 614 1513 repetam
639 1456 840 1497 exustas
865 1451 1081 1512 Erycino
1106 1451 1160 1496 in
1184 1451 1331 1497 litore
1354 1451 1554 1499 classis?

238 1527 368 1584 Quid
391 1532 747 1590 tempestatum
773 1544 955 1589 regem,
981 1532 1252 1589 ventosque
1276 1527 1494 1574 furentis

234 1604 411 1650 Aeolia
436 1605 650 1652 excitos?
686 1609 775 1650 aut
800 1610 964 1650 actam
990 1605 1205 1650 nubibus
1232 1605 1389 1651 Irim?

233 1683 385 1728 Nunc
409 1682 562 1728 etiam
589 1682 758 1728 Manis
787 1682 928 1744 (haec
952 1683 1210 1728 intentata
1237 1684 1476 1729 manebat

236 1758 352 1804 Sors
375 1759 564 1822 rerum)
592 1763 772 1816 movet,
800 1764 850 1804 et
875 1759 1064 1820 superis
1088 1759 1292 1805 inmissa
1317 1765 1521 1821 repente
1847 1779 1910 1821 40

235 1835 448 1894 Allecto,
474 1836 661 1882 medias
686 1836 879 1881 Italum
906 1837 1145 1882 bacchata
1169 1852 1257 1897 per
1281 1837 1441 1883 urbes.

235 1912 324 1958 Nil
347 1928 495 1974 super
518 1913 727 1974 imperio
751 1929 976 1960 moveor:
1014 1913 1322 1974 speravimus
1345 1914 1458 1972 ista,

235 1991 372 2036 Dum
397 1989 603 2036 fortuna
628 1990 727 2036 fuit
750 2007 759 2036 ε
799 1991 1021 2048 vincant,
1048 2007 1169 2051 quos
1192 1991 1389 2038 vincere
1413 1993 1583 2038 mavis.

236 2067 289 2113 Si
312 2066 451 2112 nulla
475 2071 550 2112 est
574 2067 722 2129 regio,
749 2067 948 2113 Teucris
973 2084 1126 2128 quam
1151 2067 1234 2113 det
1258 2073 1349 2113 tua
1374 2068 1589 2114 coniunx

236 2143 393 2201 Dura,
419 2158 507 2204 per
531 2158 744 2201 eversae,
771 2144 980 2204 genitor,
1007 2144 1261 2189 fumantia
1286 2144 1461 2190 Troiae
1847 2162 1906 2209 45

234 2219 443 2265 Excidia
467 2220 686 2265 obtestor
708 2237 716 2266 :
754 2220 903 2265 liceat
928 2220 1180 2266 dimittere
1204 2222 1266 2266 ab
1291 2221 1443 2267 armis

234 2297 544 2343 Incolumem
567 2297 856 2353 Ascanium,
883 2297 1029 2342 liceat
1054 2313 1303 2357 superesse
1328 2302 1574 2360 nepotem.

233 2375 436 2420 Aeneas
458 2390 579 2420 sane
601 2374 786 2436 ignotis
809 2376 1026 2421 iactetur
1050 2375 1101 2420 in
1126 2375 1285 2432 undis,

235 2450 318 2508 Et,
350 2466 716 2512 quamcumque
742 2451 874 2496 viam
900 2451 1091 2496 dederit
1115 2451 1355 2509 Fortuna,
1382 2457 1622 2513 sequatur
1645 2470 1653 2499 :

237 2528 391 2574 Hunc
414 2532 597 2589 tegere,
625 2532 675 2573 et
700 2527 836 2573 dirae
860 2528 1050 2574 valeam
1076 2529 1345 2574 subducere
1370 2545 1579 2591 pugnae.
1848 2547 1910 2594 50

236 2605 329 2650 Est
352 2603 625 2661 Amathus,
652 2608 726 2649 est
751 2604 879 2649 celsa
905 2604 1028 2650 mihi
1054 2605 1271 2666 Paphus,
1297 2612 1450 2666 atque
1475 2607 1709 2668 Cythera,

235 2681 526 2743 Idaliaeque
550 2681 724 2726 domus
744 2699 752 2728 :
789 2681 961 2742 positis
984 2682 1224 2743 inglorius
1247 2683 1399 2729 armis

236 2758 423 2820 Exigat
447 2758 526 2804 hic
550 2774 738 2806 aevom.
812 2758 1003 2820 Magna
1027 2759 1216 2805 dicione
1240 2760 1408 2807 iubeto

236 2834 490 2896 Carthago
513 2839 710 2896 premat
732 2835 1005 2881 Ausoniam
1032 2853 1041 2881 :
1079 2836 1204 2881 nihil
1229 2837 1434 2883 urbibus
1457 2839 1571 2884 inde

238 2911 467 2957 Obstabit
490 2911 665 2974 Tyriis„
737 2911 869 2969 Quid
893 2918 1080 2976 pestem
1106 2913 1312 2961 evadere
1337 2915 1452 2961 belli
1847 2932 1905 2980 55
