2138 3241
229 202 289 247 18
959 207 1160 241 VERGIL.

224 329 316 375 Cui
341 329 516 390 Liger:
1798 319 1893 379 580

227 404 346 454 Non
370 403 623 451 Diomedis
647 416 808 463 equos,
835 415 923 445 nec
947 414 1149 445 currum
1173 396 1332 443 cernis
1357 395 1582 452 Achillis,

226 486 338 531 Au‘o
362 480 613 542 Phrygiae
637 493 861 539 campos:
887 492 1022 521 nunc
1045 474 1161 520 belli
1186 473 1299 519 finis
1322 479 1373 519 et,
1397 471 1508 518 aevi

230 562 327 608 His
352 559 555 605 dabitur
578 556 739 603 terris.
816 554 1014 599 Vesano
1039 551 1164 597 talia
1187 551 1290 597 late

227 639 376 685 Dicta
398 635 573 681 volant
599 631 779 693 Ligeri.
853 630 948 677 Sed
972 645 1071 674 non
1095 633 1146 674 eb
1170 628 1344 673 Troius
1367 627 1511 672 heros

233 715 384 761 Dicta
408 715 558 773 parab
582 713 756 756 contra
775 725 788 766 3
813 706 1031 752 iaculum
1056 721 1176 750 nam
1201 708 1401 765 torquet
1424 703 1478 748 in
1502 702 1708 748 hos‘oem.
1805 704 1896 764 585

228 792 462 851 Lucagus
486 791 544 832 ub
567 802 755 848 pronus
779 784 999 846 pendens
1022 783 1076 828 in
1099 782 1306 827 verbera
1330 781 1428 826 telo

227 865 509 914 Admonuib
531 863 737 924 biiugos,
763 861 979 922 proiecto
1003 859 1121 904 dum
1146 857 1268 919 pede
1291 857 1433 903 laevo

227 946 393 1006 Aptat
417 958 468 988 se
491 955 704 1002 pugnae,
730 938 864 985 subib
888 953 1000 983 oras
1022 936 1171 982 hasta
1196 951 1283 997 per
1306 935 1433 980 imas

226 1023 267 1068 F
270 1020 489 1083 ulgentis
513 1017 670 1078 clipei,
696 1021 806 1062 bum
829 1016 1020 1060 laevom
1045 1013 1269 1075 perforai:
1292 1013 1479 1074 inguen
1494 1028 1507 1070 3

226 1099 478 1145 Excussus
501 1111 652 1141 curru
677 1092 1002 1139 moribundus
1026 1090 1243 1136 volvitur
1267 1089 1411 1134 arvis.
1799 1101 1895 1149 590

227 1177 386 1232 Quem
410 1173 520 1235 pius
543 1172 742 1217 Aeneas
767 1169 910 1214 dictis
935 1167 1143 1213 adfatur
1167 1166 1376 1212 amaris:

231 1253 444 1312 Lucage,
471 1248 613 1294 nulla
637 1253 749 1293 tuos
773 1261 948 1292 currus
972 1245 1093 1306 fuga
1119 1244 1282 1305 segnis
1305 1258 1543 1304 equorum

230 1326 473 1383 Prodidit,
502 1329 594 1371 aui]
619 1339 780 1369 vanae
805 1328 999 1368 vertere
1045 1337 1104 1366 ex
1128 1320 1352 1366 hostibus
1375 1319 1584 1365 umbrae
1604 1334 1614 1363 :

230 1406 348 1467 Ipse
372 1404 495 1449 rotis
520 1401 697 1448 saliens
720 1401 838 1461 iuga
865 1397 1058 1445 deseris.
1132 1397 1185 1442 H
1191 1413 1275 1443 aec
1298 1397 1372 1442 ita
1396 1396 1535 1441 fatus

228 1481 469 1543 Adi-ipuit
494 1479 699 1541 biiugos.
773 1477 950 1522 Frater
974 1475 1213 1522 tendebat
1237 1474 1413 1520 inertis
1799 1485 1892 1534 595

229 1559 418 1605 Infelix
440 1557 647 1618 palmas,
675 1570 824 1600 curru
850 1553 1077 1614 delapsus
1101 1551 1269 1597 eodem
1289 1567 1298 1596 :

234 1637 330 1682 Per
354 1640 420 1692 te,
448 1650 535 1695 per
561 1633 648 1694 qui
671 1637 721 1677 ‘ce
746 1631 899 1677 talem
924 1644 1139 1692 genuere
1162 1633 1410 1690 parentes,

231 1714 329 1759 Vir
353 1712 581 1768 Troiane,
609 1711 714 1755 sine
739 1709 870 1754 hanc
895 1708 1133 1764 animam,
1161 1711 1210 1751 et
1236 1706 1465 1751 miserere
1489 1703 1751 1765 precantis.

231 1790 466 1836 Pluribus
491 1788 657 1834 oranti
681 1788 908 1832 Aeneas:
948 1784 1103 1830 Haud
1129 1783 1254 1829 talia
1281 1783 1468 1828 dudum

233 1868 384 1913 Dicta
410 1866 574 1912 dabas.
649 1863 858 1919 Morere,
886 1866 936 1907 eb
961 1861 1171 1906 fratrem
1197 1875 1258 1905 ne
1282 1859 1448 1905 desere
1471 1857 1647 1904 frater.
1809 1860 1905 1904 600

230 1946 372 2002 Tum,
397 1943 618 1989 labebras
642 1941 854 1998 animae,
881 1943 1052 2000 pechus
1076 1953 1311 1983 mucrone
1342 1935 1564 1981 recludjb.

231 2021 374 2066 Talia
399 2036 487 2082 per
511 2034 708 2080 campos
732 2018 910 2064 edebab
934 2015 1115 2061 funera
1140 2015 1315 2060 ducbor

232 2098 535 2155 Dardanius,
561 2095 800 2142 torrentis
827 2109 988 2155 aquae
1011 2092 1090 2138 vel
1114 2092 1332 2138 turbinis
1355 2090 1455 2137 atri

234 2174 377 2220 More
401 2173 589 2219 furens
661 2170 885 2217 Tandem
910 2173 1194 2230 erumpunt,
1221 2173 1273 2214 eb
1296 2172 1459 2213 casbra
1483 2166 1734 2212 relincunt,

234 2251 483 2297 Ascanius
507 2264 630 2311 puer
655 2254 705 2295 et
729 2249 1036 2309 nequiquam
1060 2246 1256 2292 obsessa
1287 2245 1537 2291 iuventus.
1811 2246 1904 2305 605

234 2330 482 2374 Iunonem
505 2328 700 2372 interea
725 2324 988 2386 compellab
1012 2323 1241 2385 Iuppiter
1276 2323 1437 2367 ultro:

235 2406 276 2453 O
301 2420 543 2468 germana
569 2403 693 2449 mihi
728 2407 879 2463 atque
903 2401 1075 2447 eadem
1101 2400 1384 2461 gratissima
1409 2398 1638 2455 coniunx,

234 2483 312 2529 Ut
338 2482 527 2539 rebare,
557 2480 730 2525 Venus
757 2478 867 2540 (nec
890 2482 941 2523 te
966 2477 1218 2523 sententia
1242 2473 1400 2539 fallit)

232 2561 472 2607 Troianas
497 2560 751 2603 sustentat
776 2571 904 2616 opes,
931 2571 1031 2600 non
1056 2553 1222 2599 vivida.
1246 2553 1373 2598 bello

233 2642 427 2687 Dextra
452 2638 585 2696 viris,
613 2638 908 2696 animusque
932 2636 1087 2691 ferox,
1114 2633 1408 2695 patiensque
1431 2632 1613 2694 pericli.
1812 2633 1907 2677 610

236 2717 331 2765 Cui
355 2718 485 2762 Iuno
509 2714 752 2761 submissa
772 2729 780 2758 :
819 2711 964 2770 Quid,
990 2728 1017 2757 o
1043 2711 1373 2772 pulcherrime
1397 2709 1626 2767 coniunx,

238 2794 485 2841 SoHicitas
509 2807 712 2853 aegram
739 2795 789 2836 et
815 2794 905 2834 'cua
929 2788 1097 2834 tristia
1125 2788 1255 2833 dicta
1279 2787 1572 2832 timentem?

237 2873 289 2918 Si
313 2870 452 2926 mihi,
479 2885 607 2931 quae
630 2867 881 2929 quondam
906 2865 1088 2923 fuerat,
1116 2879 1365 2926 quamque
1390 2879 1492 2908 esse
1518 2862 1738 2919 decebat,

234 2949 328 2995 Vis
352 2948 406 2993 in
431 2961 599 2993 amore
623 2945 767 3003 foret,
793 2959 893 2990 non
918 2942 1008 2989 hoc
1033 2942 1156 2988 mihi
1181 2957 1400 3003 namque
1425 2955 1648 3001 negares,
