<?xml version="1.0" encoding="UTF-8"?>
<!DOCTYPE html PUBLIC "-//W3C//DTD XHTML 1.0 Transitional//EN"
    "http://www.w3.org/TR/xhtml1/DTD/xhtml1-transitional.dtd">
<html xmlns="http://www.w3.org/1999/xhtml" xml:lang="en" lang="en">
 <head>
  <title>
</title>
<meta http-equiv="Content-Type" content="text/html;charset=utf-8" />
  <meta name='ocr-system' content='tesseract 3.04.00' />
  <meta name='ocr-capabilities' content='ocr_page ocr_carea ocr_par ocr_line ocrx_word'/>
</head>
<body>
  <div class='ocr_page' id='page_1' title='image "aeneidx00virguoft_0045.png"; bbox 0 0 2138 3241; ppageno 0'>
   <div class='ocr_carea' id='block_1_1' title="bbox 912 206 1879 251">
    <p class='ocr_par' dir='ltr' id='par_1_1' title="bbox 912 206 1879 251">
     <span class='ocr_line' id='line_1_1' title="bbox 912 206 1879 251; baseline -0.001 0"><span class='ocrx_word' id='word_1_1' title='bbox 912 218 1099 251; x_wconf 83' lang='lat' dir='ltr'>AENEID</span> <span class='ocrx_word' id='word_1_2' title='bbox 1135 219 1181 251; x_wconf 80' lang='lat' dir='ltr'>x.</span> <span class='ocrx_word' id='word_1_3' title='bbox 1823 206 1879 251; x_wconf 80' lang='lat'>21</span> 
     </span>
    </p>
   </div>
   <div class='ocr_carea' id='block_1_2' title="bbox 148 335 1885 3012">
    <p class='ocr_par' dir='ltr' id='par_1_2' title="bbox 148 335 1885 3012">
     <span class='ocr_line' id='line_1_2' title="bbox 219 335 1881 397; baseline -0.001 -14"><span class='ocrx_word' id='word_1_4' title='bbox 219 336 313 383; x_wconf 85' lang='lat' dir='ltr'>Ter</span> <span class='ocrx_word' id='word_1_5' title='bbox 335 341 542 383; x_wconf 86' lang='lat' dir='ltr'>conatus</span> <span class='ocrx_word' id='word_1_6' title='bbox 559 340 825 397; x_wconf 86' lang='lat' dir='ltr'>utramque</span> <span class='ocrx_word' id='word_1_7' title='bbox 843 335 975 381; x_wconf 85' lang='lat' dir='ltr'>viam</span> <span class='ocrx_word' id='word_1_8' title='bbox 999 353 1007 382; x_wconf 95' lang='lat'><strong>:</strong></span> <span class='ocrx_word' id='word_1_9' title='bbox 1045 341 1123 382; x_wconf 90' lang='lat' dir='ltr'>ter</span> <span class='ocrx_word' id='word_1_10' title='bbox 1146 335 1363 381; x_wconf 82' lang='lat' dir='ltr'>maxima</span> <span class='ocrx_word' id='word_1_11' title='bbox 1389 335 1518 381; x_wconf 89' lang='lat' dir='ltr'>Iuno</span> <span class='ocrx_word' id='word_1_12' title='bbox 1791 338 1850 382; x_wconf 82' lang='lat'>68</span> <span class='ocrx_word' id='word_1_13' title='bbox 1857 349 1881 396; x_wconf 84' lang='lat'><strong>5</strong></span> 
     </span>
     <span class='ocr_line' id='line_1_3' title="bbox 220 412 1552 473; baseline -0.002 -13"><span class='ocrx_word' id='word_1_14' title='bbox 220 414 495 471; x_wconf 86' lang='lat' dir='ltr'>Continuit,</span> <span class='ocrx_word' id='word_1_15' title='bbox 520 414 844 473; x_wconf 90' lang='lat' dir='ltr'>iuvenemque</span> <span class='ocrx_word' id='word_1_16' title='bbox 869 412 1023 457; x_wconf 88' lang='lat' dir='ltr'>animi</span> <span class='ocrx_word' id='word_1_17' title='bbox 1047 412 1284 457; x_wconf 89' lang='lat' dir='ltr'>miserata</span> <span class='ocrx_word' id='word_1_18' title='bbox 1309 412 1552 472; x_wconf 87' lang='lat' dir='ltr'>repressit.</span> 
     </span>
     <span class='ocr_line' id='line_1_4' title="bbox 219 489 1556 551; baseline -0.003 -14"><span class='ocrx_word' id='word_1_19' title='bbox 219 492 433 537; x_wconf 79' lang='lat' dir='ltr'><strong>Labitur</strong></span> <span class='ocrx_word' id='word_1_20' title='bbox 456 492 561 537; x_wconf 88' lang='lat' dir='ltr'>alta</span> <span class='ocrx_word' id='word_1_21' title='bbox 586 506 752 536; x_wconf 86' lang='lat' dir='ltr'>secans</span> <span class='ocrx_word' id='word_1_22' title='bbox 777 491 1027 551; x_wconf 91' lang='lat' dir='ltr'>fluctuque</span> <span class='ocrx_word' id='word_1_23' title='bbox 1051 495 1290 550; x_wconf 87' lang='lat' dir='ltr'>aestuque</span> <span class='ocrx_word' id='word_1_24' title='bbox 1314 489 1523 534; x_wconf 88' lang='lat' dir='ltr'>secundo</span> <span class='ocrx_word' id='word_1_25' title='bbox 1543 505 1556 547; x_wconf 88' lang='lat'>3</span> 
     </span>
     <span class='ocr_line' id='line_1_5' title="bbox 219 564 1496 629; baseline -0.003 -16"><span class='ocrx_word' id='word_1_26' title='bbox 219 568 288 613; x_wconf 90' lang='lat' dir='ltr'>Et</span> <span class='ocrx_word' id='word_1_27' title='bbox 311 567 471 629; x_wconf 88' lang='lat' dir='ltr'>patris</span> <span class='ocrx_word' id='word_1_28' title='bbox 493 567 753 627; x_wconf 85' lang='lat' dir='ltr'>antiquam</span> <span class='ocrx_word' id='word_1_29' title='bbox 781 566 950 611; x_wconf 85' lang='lat' dir='ltr'>Dauni</span> <span class='ocrx_word' id='word_1_30' title='bbox 974 564 1198 610; x_wconf 87' lang='lat' dir='ltr'>defertur</span> <span class='ocrx_word' id='word_1_31' title='bbox 1222 564 1284 610; x_wconf 87' lang='lat' dir='ltr'>ad</span> <span class='ocrx_word' id='word_1_32' title='bbox 1309 565 1496 610; x_wconf 89' lang='lat' dir='ltr'>urbem.</span> 
     </span>
     <span class='ocr_line' id='line_1_6' title="bbox 282 642 1463 690; baseline -0.003 0"><span class='ocrx_word' id='word_1_33' title='bbox 282 646 358 690; x_wconf 91' lang='lat' dir='ltr'>At</span> <span class='ocrx_word' id='word_1_34' title='bbox 382 645 516 690; x_wconf 88' lang='lat' dir='ltr'>Iovis</span> <span class='ocrx_word' id='word_1_35' title='bbox 538 644 732 689; x_wconf 90' lang='lat' dir='ltr'>interea</span> <span class='ocrx_word' id='word_1_36' title='bbox 755 642 956 689; x_wconf 85' lang='lat' dir='ltr'>monitis</span> <span class='ocrx_word' id='word_1_37' title='bbox 981 642 1259 688; x_wconf 86' lang='lat' dir='ltr'>Mezentius</span> <span class='ocrx_word' id='word_1_38' title='bbox 1284 643 1463 688; x_wconf 89' lang='lat' dir='ltr'>ardens</span> 
     </span>
     <span class='ocr_line' id='line_1_7' title="bbox 220 719 1885 783; baseline -0.002 -14"><span class='ocrx_word' id='word_1_39' title='bbox 220 722 447 769; x_wconf 88' lang='lat' dir='ltr'>Succedit</span> <span class='ocrx_word' id='word_1_40' title='bbox 469 736 677 783; x_wconf 86' lang='lat' dir='ltr'>pugnae,</span> <span class='ocrx_word' id='word_1_41' title='bbox 704 721 1011 781; x_wconf 79' lang='lat' dir='ltr'>Teucrosque</span> <span class='ocrx_word' id='word_1_42' title='bbox 1034 719 1228 764; x_wconf 79' lang='lat' dir='ltr'>invadit</span> <span class='ocrx_word' id='word_1_43' title='bbox 1252 720 1462 765; x_wconf 81' lang='lat' dir='ltr'>ovantis.</span> <span class='ocrx_word' id='word_1_44' title='bbox 1790 721 1885 780; x_wconf 86' lang='lat'>690</span> 
     </span>
     <span class='ocr_line' id='line_1_8' title="bbox 216 796 1558 859; baseline -0.002 -15"><span class='ocrx_word' id='word_1_45' title='bbox 216 799 532 844; x_wconf 82' lang='lat' dir='ltr'>Concurrunt</span> <span class='ocrx_word' id='word_1_46' title='bbox 554 797 841 859; x_wconf 76' lang='lat' dir='ltr'>Tyrrhenae</span> <span class='ocrx_word' id='word_1_47' title='bbox 865 797 1002 854; x_wconf 88' lang='lat' dir='ltr'>acies,</span> <span class='ocrx_word' id='word_1_48' title='bbox 1030 800 1180 857; x_wconf 86' lang='lat' dir='ltr'>atque</span> <span class='ocrx_word' id='word_1_49' title='bbox 1205 796 1431 842; x_wconf 88' lang='lat' dir='ltr'>omnibus</span> <span class='ocrx_word' id='word_1_50' title='bbox 1455 796 1558 855; x_wconf 90' lang='lat' dir='ltr'>uni,</span> 
     </span>
     <span class='ocr_line' id='line_1_9' title="bbox 215 872 1523 936; baseline -0.002 -15"><span class='ocrx_word' id='word_1_51' title='bbox 215 876 324 922; x_wconf 85' lang='lat' dir='ltr'>Uni</span> <span class='ocrx_word' id='word_1_52' title='bbox 348 874 564 936; x_wconf 89' lang='lat' dir='ltr'>odiisque</span> <span class='ocrx_word' id='word_1_53' title='bbox 587 874 692 919; x_wconf 74' lang='lat' dir='ltr'>viro</span> <span class='ocrx_word' id='word_1_54' title='bbox 715 874 923 934; x_wconf 85' lang='lat' dir='ltr'>telisque</span> <span class='ocrx_word' id='word_1_55' title='bbox 947 872 1293 934; x_wconf 81' lang='lat' dir='ltr'>frequentibus</span> <span class='ocrx_word' id='word_1_56' title='bbox 1317 874 1523 919; x_wconf 89' lang='lat' dir='ltr'>instant.</span> 
     </span>
     <span class='ocr_line' id='line_1_10' title="bbox 216 950 1546 1013; baseline -0.002 -15"><span class='ocrx_word' id='word_1_57' title='bbox 216 952 324 1011; x_wconf 74' lang='lat' dir='ltr'>Ille,</span> <span class='ocrx_word' id='word_1_58' title='bbox 350 952 488 998; x_wconf 76' lang='lat' dir='ltr'>velut</span> <span class='ocrx_word' id='word_1_59' title='bbox 512 967 671 1013; x_wconf 87' lang='lat' dir='ltr'>rupes,</span> <span class='ocrx_word' id='word_1_60' title='bbox 698 955 896 996; x_wconf 83' lang='lat' dir='ltr'>vastum</span> <span class='ocrx_word' id='word_1_61' title='bbox 921 965 1048 1012; x_wconf 84' lang='lat' dir='ltr'>quae</span> <span class='ocrx_word' id='word_1_62' title='bbox 1073 950 1236 1011; x_wconf 83' lang='lat' dir='ltr'>prodit</span> <span class='ocrx_word' id='word_1_63' title='bbox 1262 951 1316 996; x_wconf 90' lang='lat' dir='ltr'>in</span> <span class='ocrx_word' id='word_1_64' title='bbox 1349 966 1546 1012; x_wconf 89' lang='lat' dir='ltr'>aequor,</span> 
     </span>
     <span class='ocr_line' id='line_1_11' title="bbox 215 1028 1359 1090; baseline -0.003 -14"><span class='ocrx_word' id='word_1_65' title='bbox 215 1030 375 1076; x_wconf 86' lang='lat' dir='ltr'>Obvia</span> <span class='ocrx_word' id='word_1_66' title='bbox 399 1034 662 1075; x_wconf 82' lang='lat' dir='ltr'>ventorum</span> <span class='ocrx_word' id='word_1_67' title='bbox 686 1028 843 1085; x_wconf 83' lang='lat' dir='ltr'>furiis,</span> <span class='ocrx_word' id='word_1_68' title='bbox 869 1033 1169 1090; x_wconf 76' lang='lat' dir='ltr'>expostaque</span> <span class='ocrx_word' id='word_1_69' title='bbox 1192 1033 1359 1089; x_wconf 85' lang='lat' dir='ltr'>ponto,</span> 
     </span>
     <span class='ocr_line' id='line_1_12' title="bbox 215 1105 1881 1168; baseline -0.001 -16"><span class='ocrx_word' id='word_1_70' title='bbox 215 1107 337 1152; x_wconf 89' lang='lat' dir='ltr'>Vim</span> <span class='ocrx_word' id='word_1_71' title='bbox 361 1113 592 1152; x_wconf 82' lang='lat' dir='ltr'>cunctam</span> <span class='ocrx_word' id='word_1_72' title='bbox 615 1111 765 1168; x_wconf 89' lang='lat' dir='ltr'>atque</span> <span class='ocrx_word' id='word_1_73' title='bbox 788 1106 948 1150; x_wconf 87' lang='lat' dir='ltr'>minas</span> <span class='ocrx_word' id='word_1_74' title='bbox 972 1105 1161 1166; x_wconf 80' lang='lat' dir='ltr'>perfert</span> <span class='ocrx_word' id='word_1_75' title='bbox 1185 1105 1403 1166; x_wconf 86' lang='lat' dir='ltr'>caelique</span> <span class='ocrx_word' id='word_1_76' title='bbox 1428 1105 1690 1166; x_wconf 87' lang='lat' dir='ltr'>marisque,</span> <span class='ocrx_word' id='word_1_77' title='bbox 1790 1107 1881 1166; x_wconf 83' lang='lat'>695</span> 
     </span>
     <span class='ocr_line' id='line_1_13' title="bbox 214 1183 1630 1246; baseline -0.003 -16"><span class='ocrx_word' id='word_1_78' title='bbox 214 1186 332 1246; x_wconf 87' lang='lat' dir='ltr'>Ipsa</span> <span class='ocrx_word' id='word_1_79' title='bbox 354 1185 545 1229; x_wconf 90' lang='lat' dir='ltr'>inmota</span> <span class='ocrx_word' id='word_1_80' title='bbox 569 1199 778 1229; x_wconf 87' lang='lat' dir='ltr'>manens</span> <span class='ocrx_word' id='word_1_81' title='bbox 800 1202 808 1230; x_wconf 75' lang='grc' dir='ltr'>ε</span> <span class='ocrx_word' id='word_1_82' title='bbox 846 1184 1033 1245; x_wconf 86' lang='lat' dir='ltr'>prolem</span> <span class='ocrx_word' id='word_1_83' title='bbox 1059 1183 1375 1228; x_wconf 84' lang='lat' dir='ltr'>Dolichaonis</span> <span class='ocrx_word' id='word_1_84' title='bbox 1401 1183 1630 1229; x_wconf 88' lang='lat' dir='ltr'>Hebrum</span> 
     </span>
     <span class='ocr_line' id='line_1_14' title="bbox 216 1260 1778 1323; baseline -0.001 -15"><span class='ocrx_word' id='word_1_85' title='bbox 216 1262 406 1308; x_wconf 81' lang='lat' dir='ltr'>Sternit</span> <span class='ocrx_word' id='word_1_86' title='bbox 430 1262 585 1320; x_wconf 88' lang='lat' dir='ltr'>humi,</span> <span class='ocrx_word' id='word_1_87' title='bbox 611 1278 721 1307; x_wconf 90' lang='lat' dir='ltr'>cum</span> <span class='ocrx_word' id='word_1_88' title='bbox 746 1278 841 1323; x_wconf 92' lang='lat' dir='ltr'>quo</span> <span class='ocrx_word' id='word_1_89' title='bbox 868 1263 1134 1322; x_wconf 76' lang='lat' dir='ltr'>Latagum,</span> <span class='ocrx_word' id='word_1_90' title='bbox 1161 1261 1492 1322; x_wconf 82' lang='lat' dir='ltr'>Palmumque</span> <span class='ocrx_word' id='word_1_91' title='bbox 1516 1260 1744 1322; x_wconf 85' lang='lat' dir='ltr'>fugacem</span> <span class='ocrx_word' id='word_1_92' title='bbox 1766 1274 1778 1306; x_wconf 69' lang='grc' dir='ltr'><em>τ</em></span> 
     </span>
     <span class='ocr_line' id='line_1_15' title="bbox 216 1337 1601 1401; baseline -0.002 -16"><span class='ocrx_word' id='word_1_93' title='bbox 216 1340 312 1385; x_wconf 85' lang='lat' dir='ltr'>Sed</span> <span class='ocrx_word' id='word_1_94' title='bbox 337 1340 584 1401; x_wconf 81' lang='lat' dir='ltr'>Latagum</span> <span class='ocrx_word' id='word_1_95' title='bbox 608 1356 726 1385; x_wconf 81' lang='lat' dir='ltr'>saxo</span> <span class='ocrx_word' id='word_1_96' title='bbox 751 1344 902 1400; x_wconf 86' lang='lat' dir='ltr'>atque</span> <span class='ocrx_word' id='word_1_97' title='bbox 926 1339 1119 1400; x_wconf 80' lang='lat' dir='ltr'>ingenti</span> <span class='ocrx_word' id='word_1_98' title='bbox 1144 1338 1391 1400; x_wconf 80' lang='lat' dir='ltr'>fragmine</span> <span class='ocrx_word' id='word_1_99' title='bbox 1416 1337 1601 1383; x_wconf 90' lang='lat' dir='ltr'>montis</span> 
     </span>
     <span class='ocr_line' id='line_1_16' title="bbox 213 1415 1591 1478; baseline -0.003 -15"><span class='ocrx_word' id='word_1_100' title='bbox 213 1417 436 1478; x_wconf 85' lang='lat' dir='ltr'>Occupat</span> <span class='ocrx_word' id='word_1_101' title='bbox 458 1432 510 1462; x_wconf 92' lang='lat' dir='ltr'>os</span> <span class='ocrx_word' id='word_1_102' title='bbox 528 1416 802 1477; x_wconf 82' lang='lat' dir='ltr'>faciemque</span> <span class='ocrx_word' id='word_1_103' title='bbox 827 1415 1082 1462; x_wconf 74' lang='lat' dir='ltr'>adversam</span> <span class='ocrx_word' id='word_1_104' title='bbox 1099 1432 1110 1473; x_wconf 99' lang='lat'>3</span> <span class='ocrx_word' id='word_1_105' title='bbox 1147 1416 1333 1476; x_wconf 87' lang='lat' dir='ltr'>poplite</span> <span class='ocrx_word' id='word_1_106' title='bbox 1358 1415 1591 1460; x_wconf 87' lang='lat' dir='ltr'>Palmum</span> 
     </span>
     <span class='ocr_line' id='line_1_17' title="bbox 214 1492 1884 1554; baseline -0.002 -15"><span class='ocrx_word' id='word_1_107' title='bbox 214 1494 408 1540; x_wconf 87' lang='lat' dir='ltr'>Succiso</span> <span class='ocrx_word' id='word_1_108' title='bbox 430 1493 561 1539; x_wconf 74' lang='lat' dir='ltr'>volvi</span> <span class='ocrx_word' id='word_1_109' title='bbox 584 1509 782 1554; x_wconf 87' lang='lat' dir='ltr'>segnem</span> <span class='ocrx_word' id='word_1_110' title='bbox 805 1493 924 1538; x_wconf 85' lang='lat' dir='ltr'>sinit</span> <span class='ocrx_word' id='word_1_111' title='bbox 944 1510 955 1551; x_wconf 93' lang='lat'>3</span> <span class='ocrx_word' id='word_1_112' title='bbox 992 1508 1231 1552; x_wconf 88' lang='lat' dir='ltr'>armaque</span> <span class='ocrx_word' id='word_1_113' title='bbox 1257 1492 1419 1537; x_wconf 90' lang='lat' dir='ltr'>Lauso</span> <span class='ocrx_word' id='word_1_114' title='bbox 1537 1546 1542 1549; x_wconf 11' lang='grc' dir='ltr'>μ</span> <span class='ocrx_word' id='word_1_115' title='bbox 1791 1505 1884 1551; x_wconf 91' lang='lat'>700</span> 
     </span>
     <span class='ocr_line' id='line_1_18' title="bbox 214 1569 1522 1629; baseline -0.002 -13"><span class='ocrx_word' id='word_1_116' title='bbox 214 1571 384 1618; x_wconf 89' lang='lat' dir='ltr'>Donat</span> <span class='ocrx_word' id='word_1_117' title='bbox 408 1570 589 1616; x_wconf 89' lang='lat' dir='ltr'>habere</span> <span class='ocrx_word' id='word_1_118' title='bbox 621 1570 853 1627; x_wconf 88' lang='lat' dir='ltr'>humeris,</span> <span class='ocrx_word' id='word_1_119' title='bbox 880 1575 929 1615; x_wconf 93' lang='lat' dir='ltr'>et</span> <span class='ocrx_word' id='word_1_120' title='bbox 954 1569 1136 1614; x_wconf 80' lang='lat' dir='ltr'>vertice</span> <span class='ocrx_word' id='word_1_121' title='bbox 1160 1570 1310 1629; x_wconf 86' lang='lat' dir='ltr'>figere</span> <span class='ocrx_word' id='word_1_122' title='bbox 1335 1569 1522 1614; x_wconf 84' lang='lat' dir='ltr'>cristas.</span> 
     </span>
     <span class='ocr_line' id='line_1_19' title="bbox 211 1646 1657 1708; baseline -0.003 -14"><span class='ocrx_word' id='word_1_123' title='bbox 211 1649 318 1695; x_wconf 87' lang='lat' dir='ltr'>Nec</span> <span class='ocrx_word' id='word_1_124' title='bbox 342 1664 442 1693; x_wconf 90' lang='lat' dir='ltr'>non</span> <span class='ocrx_word' id='word_1_125' title='bbox 468 1647 740 1693; x_wconf 84' lang='lat' dir='ltr'>Euanthen</span> <span class='ocrx_word' id='word_1_126' title='bbox 767 1647 1056 1708; x_wconf 80' lang='lat' dir='ltr'>Phrygium,</span> <span class='ocrx_word' id='word_1_127' title='bbox 1084 1646 1376 1707; x_wconf 81' lang='lat' dir='ltr'>Paridisque</span> <span class='ocrx_word' id='word_1_128' title='bbox 1403 1646 1657 1691; x_wconf 81' lang='lat' dir='ltr'>Mimanta</span> 
     </span>
     <span class='ocr_line' id='line_1_20' title="bbox 212 1723 1569 1787; baseline -0.002 -16"><span class='ocrx_word' id='word_1_129' title='bbox 212 1725 491 1787; x_wconf 86' lang='lat' dir='ltr'>Aequalem</span> <span class='ocrx_word' id='word_1_130' title='bbox 515 1724 868 1785; x_wconf 86' lang='lat' dir='ltr'>comitemque3</span> <span class='ocrx_word' id='word_1_131' title='bbox 904 1740 1006 1769; x_wconf 88' lang='lat' dir='ltr'>una</span> <span class='ocrx_word' id='word_1_132' title='bbox 1031 1740 1177 1785; x_wconf 88' lang='lat' dir='ltr'>quem</span> <span class='ocrx_word' id='word_1_133' title='bbox 1201 1728 1343 1769; x_wconf 85' lang='lat' dir='ltr'>nocte</span> <span class='ocrx_word' id='word_1_134' title='bbox 1367 1723 1569 1768; x_wconf 85' lang='lat' dir='ltr'>Theano</span> 
     </span>
     <span class='ocr_line' id='line_1_21' title="bbox 212 1800 1602 1862; baseline -0.002 -15"><span class='ocrx_word' id='word_1_135' title='bbox 212 1803 278 1848; x_wconf 91' lang='lat' dir='ltr'>In</span> <span class='ocrx_word' id='word_1_136' title='bbox 300 1802 460 1847; x_wconf 90' lang='lat' dir='ltr'>lucem</span> <span class='ocrx_word' id='word_1_137' title='bbox 483 1801 695 1862; x_wconf 88' lang='lat' dir='ltr'>genitori</span> <span class='ocrx_word' id='word_1_138' title='bbox 721 1803 911 1862; x_wconf 87' lang='lat' dir='ltr'>Amyco</span> <span class='ocrx_word' id='word_1_139' title='bbox 937 1800 1084 1857; x_wconf 85' lang='lat' dir='ltr'>dedit,</span> <span class='ocrx_word' id='word_1_140' title='bbox 1111 1807 1161 1845; x_wconf 92' lang='lat' dir='ltr'>et</span> <span class='ocrx_word' id='word_1_141' title='bbox 1186 1800 1292 1845; x_wconf 86' lang='lat' dir='ltr'>face</span> <span class='ocrx_word' id='word_1_142' title='bbox 1318 1815 1602 1861; x_wconf 79' lang='lat' dir='ltr'>praegnans</span> 
     </span>
     <span class='ocr_line' id='line_1_22' title="bbox 214 1878 1881 1939; baseline -0.002 -14"><span class='ocrx_word' id='word_1_143' title='bbox 214 1880 389 1926; x_wconf 80' lang='lat' dir='ltr'>Cisseis</span> <span class='ocrx_word' id='word_1_144' title='bbox 410 1878 583 1939; x_wconf 86' lang='lat' dir='ltr'>regina</span> <span class='ocrx_word' id='word_1_145' title='bbox 609 1878 763 1923; x_wconf 86' lang='lat' dir='ltr'>Parin</span> <span class='ocrx_word' id='word_1_146' title='bbox 785 1895 793 1923; x_wconf 91' lang='lat'><strong>:</strong></span> <span class='ocrx_word' id='word_1_147' title='bbox 833 1878 975 1922; x_wconf 88' lang='lat' dir='ltr'>Paris</span> <span class='ocrx_word' id='word_1_148' title='bbox 1000 1878 1121 1922; x_wconf 88' lang='lat' dir='ltr'>urbe</span> <span class='ocrx_word' id='word_1_149' title='bbox 1146 1882 1357 1938; x_wconf 83' lang='lat' dir='ltr'>paterna</span> <span class='ocrx_word' id='word_1_150' title='bbox 1791 1889 1881 1937; x_wconf 85' lang='lat'>705</span> 
     </span>
     <span class='ocr_line' id='line_1_23' title="bbox 214 1953 1568 2015; baseline -0.003 -14"><span class='ocrx_word' id='word_1_151' title='bbox 214 1955 435 2002; x_wconf 89' lang='lat' dir='ltr'>Occubat</span> <span class='ocrx_word' id='word_1_152' title='bbox 454 1971 466 2012; x_wconf 93' lang='lat'>3</span> <span class='ocrx_word' id='word_1_153' title='bbox 502 1954 737 2015; x_wconf 87' lang='lat' dir='ltr'>ignarum</span> <span class='ocrx_word' id='word_1_154' title='bbox 764 1955 988 1999; x_wconf 79' lang='lat' dir='ltr'>Laurens</span> <span class='ocrx_word' id='word_1_155' title='bbox 1011 1953 1162 1998; x_wconf 86' lang='lat' dir='ltr'>habet</span> <span class='ocrx_word' id='word_1_156' title='bbox 1186 1969 1273 1998; x_wconf 88' lang='lat' dir='ltr'>ora</span> <span class='ocrx_word' id='word_1_157' title='bbox 1300 1953 1568 1997; x_wconf 84' lang='lat' dir='ltr'>Mimanta.</span> 
     </span>
     <span class='ocr_line' id='line_1_24' title="bbox 213 2029 1450 2078; baseline -0.003 0"><span class='ocrx_word' id='word_1_158' title='bbox 213 2034 290 2078; x_wconf 91' lang='lat' dir='ltr'>Ac</span> <span class='ocrx_word' id='word_1_159' title='bbox 313 2032 452 2078; x_wconf 84' lang='lat' dir='ltr'>velut</span> <span class='ocrx_word' id='word_1_160' title='bbox 475 2031 557 2077; x_wconf 89' lang='lat' dir='ltr'>ille</span> <span class='ocrx_word' id='word_1_161' title='bbox 582 2047 762 2077; x_wconf 92' lang='lat' dir='ltr'>canum</span> <span class='ocrx_word' id='word_1_162' title='bbox 786 2047 952 2076; x_wconf 87' lang='lat' dir='ltr'>morsu</span> <span class='ocrx_word' id='word_1_163' title='bbox 977 2030 1034 2076; x_wconf 91' lang='lat' dir='ltr'>de</span> <span class='ocrx_word' id='word_1_164' title='bbox 1060 2030 1310 2075; x_wconf 79' lang='lat' dir='ltr'>montibus</span> <span class='ocrx_word' id='word_1_165' title='bbox 1334 2029 1450 2074; x_wconf 87' lang='lat' dir='ltr'>altis</span> 
     </span>
     <span class='ocr_line' id='line_1_25' title="bbox 211 2107 1548 2170; baseline -0.004 -15"><span class='ocrx_word' id='word_1_166' title='bbox 211 2110 372 2155; x_wconf 87' lang='lat' dir='ltr'>Actus</span> <span class='ocrx_word' id='word_1_167' title='bbox 396 2124 529 2170; x_wconf 88' lang='lat' dir='ltr'>aper,</span> <span class='ocrx_word' id='word_1_168' title='bbox 556 2108 739 2154; x_wconf 77' lang='lat' dir='ltr'>multos</span> <span class='ocrx_word' id='word_1_169' title='bbox 762 2108 979 2154; x_wconf 85' lang='lat' dir='ltr'>Vesulus</span> <span class='ocrx_word' id='word_1_170' title='bbox 1004 2123 1151 2168; x_wconf 91' lang='lat' dir='ltr'>quem</span> <span class='ocrx_word' id='word_1_171' title='bbox 1174 2107 1358 2168; x_wconf 80' lang='lat' dir='ltr'>pinifer</span> <span class='ocrx_word' id='word_1_172' title='bbox 1390 2121 1548 2151; x_wconf 89' lang='lat' dir='ltr'>annos</span> 
     </span>
     <span class='ocr_line' id='line_1_26' title="bbox 214 2184 1414 2247; baseline -0.003 -15"><span class='ocrx_word' id='word_1_173' title='bbox 214 2186 466 2243; x_wconf 89' lang='lat' dir='ltr'>Defendit,</span> <span class='ocrx_word' id='word_1_174' title='bbox 493 2185 771 2247; x_wconf 81' lang='lat' dir='ltr'>multosque</span> <span class='ocrx_word' id='word_1_175' title='bbox 795 2186 938 2246; x_wconf 87' lang='lat' dir='ltr'>palus</span> <span class='ocrx_word' id='word_1_176' title='bbox 964 2185 1254 2242; x_wconf 87' lang='lat' dir='ltr'>Laurentia,</span> <span class='ocrx_word' id='word_1_177' title='bbox 1289 2184 1414 2229; x_wconf 71' lang='lat' dir='ltr'>silva</span> 
     </span>
     <span class='ocr_line' id='line_1_27' title="bbox 148 2257 1881 2323; baseline -0.002 -14"><span class='ocrx_word' id='word_1_178' title='bbox 148 2257 151 2260; x_wconf 40' lang='lat'>⁵</span> <span class='ocrx_word' id='word_1_179' title='bbox 214 2264 396 2310; x_wconf 86' lang='lat' dir='ltr'>Pastus</span> <span class='ocrx_word' id='word_1_180' title='bbox 419 2262 712 2319; x_wconf 87' lang='lat' dir='ltr'>arundinea,</span> <span class='ocrx_word' id='word_1_181' title='bbox 740 2267 1002 2323; x_wconf 89' lang='lat' dir='ltr'>postquam</span> <span class='ocrx_word' id='word_1_182' title='bbox 1026 2261 1159 2307; x_wconf 90' lang='lat' dir='ltr'>inter</span> <span class='ocrx_word' id='word_1_183' title='bbox 1182 2261 1312 2306; x_wconf 88' lang='lat' dir='ltr'>retia</span> <span class='ocrx_word' id='word_1_184' title='bbox 1348 2264 1555 2305; x_wconf 66' lang='lat' dir='ltr'>ventum</span> <span class='ocrx_word' id='word_1_185' title='bbox 1578 2263 1667 2316; x_wconf 91' lang='lat' dir='ltr'>est,</span> <span class='ocrx_word' id='word_1_186' title='bbox 1789 2273 1881 2318; x_wconf 90' lang='lat'>710</span> 
     </span>
     <span class='ocr_line' id='line_1_28' title="bbox 221 2339 1597 2400; baseline -0.002 -15"><span class='ocrx_word' id='word_1_187' title='bbox 221 2339 471 2396; x_wconf 87' lang='lat' dir='ltr'>Substitit,</span> <span class='ocrx_word' id='word_1_188' title='bbox 494 2339 853 2400; x_wconf 87' lang='lat' dir='ltr'>infremuitque</span> <span class='ocrx_word' id='word_1_189' title='bbox 876 2339 1031 2396; x_wconf 79' lang='lat' dir='ltr'>ferox,</span> <span class='ocrx_word' id='word_1_190' title='bbox 1057 2344 1106 2384; x_wconf 86' lang='lat' dir='ltr'>et</span> <span class='ocrx_word' id='word_1_191' title='bbox 1131 2339 1383 2384; x_wconf 89' lang='lat' dir='ltr'>inhorruit</span> <span class='ocrx_word' id='word_1_192' title='bbox 1407 2352 1597 2382; x_wconf 89' lang='lat' dir='ltr'>armos:</span> 
     </span>
     <span class='ocr_line' id='line_1_29' title="bbox 213 2415 1515 2477; baseline -0.003 -14"><span class='ocrx_word' id='word_1_193' title='bbox 213 2417 320 2463; x_wconf 85' lang='lat' dir='ltr'>Nec</span> <span class='ocrx_word' id='word_1_194' title='bbox 343 2415 576 2477; x_wconf 88' lang='lat' dir='ltr'>cuiquam</span> <span class='ocrx_word' id='word_1_195' title='bbox 599 2415 744 2460; x_wconf 86' lang='lat' dir='ltr'>irasci</span> <span class='ocrx_word' id='word_1_196' title='bbox 769 2416 1064 2476; x_wconf 88' lang='lat' dir='ltr'>propiusque</span> <span class='ocrx_word' id='word_1_197' title='bbox 1088 2415 1316 2461; x_wconf 85' lang='lat' dir='ltr'>accedere</span> <span class='ocrx_word' id='word_1_198' title='bbox 1340 2416 1515 2471; x_wconf 71' lang='lat' dir='ltr'>virtus,</span> 
     </span>
     <span class='ocr_line' id='line_1_30' title="bbox 216 2492 1508 2553; baseline -0.002 -13"><span class='ocrx_word' id='word_1_199' title='bbox 216 2493 310 2541; x_wconf 84' lang='lat' dir='ltr'>Sed</span> <span class='ocrx_word' id='word_1_200' title='bbox 333 2492 507 2538; x_wconf 87' lang='lat' dir='ltr'>iaculis</span> <span class='ocrx_word' id='word_1_201' title='bbox 529 2493 751 2553; x_wconf 89' lang='lat' dir='ltr'>tutisque</span> <span class='ocrx_word' id='word_1_202' title='bbox 774 2492 942 2553; x_wconf 87' lang='lat' dir='ltr'>procul</span> <span class='ocrx_word' id='word_1_203' title='bbox 967 2493 1260 2538; x_wconf 89' lang='lat' dir='ltr'>clamoribus</span> <span class='ocrx_word' id='word_1_204' title='bbox 1283 2493 1477 2537; x_wconf 88' lang='lat' dir='ltr'>instant</span> <span class='ocrx_word' id='word_1_205' title='bbox 1499 2508 1508 2537; x_wconf 89' lang='lat'>:</span> 
     </span>
     <span class='ocr_line' id='line_1_31' title="bbox 214 2567 1546 2630; baseline -0.003 -13"><span class='ocrx_word' id='word_1_206' title='bbox 214 2571 310 2617; x_wconf 88' lang='lat' dir='ltr'>Ille</span> <span class='ocrx_word' id='word_1_207' title='bbox 333 2574 505 2614; x_wconf 87' lang='lat' dir='ltr'>autem</span> <span class='ocrx_word' id='word_1_208' title='bbox 527 2569 793 2629; x_wconf 75' lang='lat' dir='ltr'>inpavidus</span> <span class='ocrx_word' id='word_1_209' title='bbox 816 2570 976 2630; x_wconf 87' lang='lat' dir='ltr'>partis</span> <span class='ocrx_word' id='word_1_210' title='bbox 999 2574 1268 2615; x_wconf 88' lang='lat' dir='ltr'>cunctatur</span> <span class='ocrx_word' id='word_1_211' title='bbox 1292 2570 1344 2614; x_wconf 94' lang='lat' dir='ltr'>in</span> <span class='ocrx_word' id='word_1_212' title='bbox 1370 2567 1546 2625; x_wconf 90' lang='lat' dir='ltr'>omnis,</span> 
     </span>
     <span class='ocr_line' id='line_1_32' title="bbox 217 2645 1878 2707; baseline -0.002 -15"><span class='ocrx_word' id='word_1_213' title='bbox 217 2646 465 2694; x_wconf 90' lang='lat' dir='ltr'>Dentibus</span> <span class='ocrx_word' id='word_1_214' title='bbox 488 2645 791 2703; x_wconf 87' lang='lat' dir='ltr'>infrendens,</span> <span class='ocrx_word' id='word_1_215' title='bbox 817 2651 868 2691; x_wconf 92' lang='lat' dir='ltr'>et</span> <span class='ocrx_word' id='word_1_216' title='bbox 891 2651 1031 2707; x_wconf 88' lang='lat' dir='ltr'>tergo</span> <span class='ocrx_word' id='word_1_217' title='bbox 1056 2645 1243 2690; x_wconf 90' lang='lat' dir='ltr'>decutit</span> <span class='ocrx_word' id='word_1_218' title='bbox 1268 2645 1438 2690; x_wconf 88' lang='lat' dir='ltr'>hastas</span> <span class='ocrx_word' id='word_1_219' title='bbox 1459 2661 1468 2690; x_wconf 70' lang='grc' dir='ltr'><strong><em>ι</em></strong></span> <span class='ocrx_word' id='word_1_220' title='bbox 1789 2656 1878 2703; x_wconf 84' lang='lat'>715</span> 
     </span>
     <span class='ocr_line' id='line_1_33' title="bbox 217 2721 1491 2782; baseline -0.002 -14"><span class='ocrx_word' id='word_1_221' title='bbox 217 2722 373 2769; x_wconf 90' lang='lat' dir='ltr'>Haud</span> <span class='ocrx_word' id='word_1_222' title='bbox 397 2722 558 2778; x_wconf 88' lang='lat' dir='ltr'>aliter,</span> <span class='ocrx_word' id='word_1_223' title='bbox 584 2721 744 2767; x_wconf 87' lang='lat' dir='ltr'>iustae</span> <span class='ocrx_word' id='word_1_224' title='bbox 769 2721 946 2782; x_wconf 88' lang='lat' dir='ltr'>quibus</span> <span class='ocrx_word' id='word_1_225' title='bbox 971 2727 1045 2767; x_wconf 88' lang='lat' dir='ltr'>est</span> <span class='ocrx_word' id='word_1_226' title='bbox 1071 2721 1349 2767; x_wconf 86' lang='lat' dir='ltr'>Mezentius</span> <span class='ocrx_word' id='word_1_227' title='bbox 1373 2721 1491 2777; x_wconf 86' lang='lat' dir='ltr'>irae,</span> 
     </span>
     <span class='ocr_line' id='line_1_34' title="bbox 214 2797 1459 2855; baseline -0.003 -9"><span class='ocrx_word' id='word_1_228' title='bbox 214 2800 330 2846; x_wconf 89' lang='lat' dir='ltr'>Non</span> <span class='ocrx_word' id='word_1_229' title='bbox 355 2799 445 2844; x_wconf 82' lang='lat' dir='ltr'>ulli</span> <span class='ocrx_word' id='word_1_230' title='bbox 467 2804 541 2844; x_wconf 88' lang='lat' dir='ltr'>est</span> <span class='ocrx_word' id='word_1_231' title='bbox 566 2800 762 2844; x_wconf 89' lang='lat' dir='ltr'>animus</span> <span class='ocrx_word' id='word_1_232' title='bbox 786 2799 957 2844; x_wconf 86' lang='lat' dir='ltr'>stricto</span> <span class='ocrx_word' id='word_1_233' title='bbox 982 2814 1272 2845; x_wconf 82' lang='lat' dir='ltr'>concurrere</span> <span class='ocrx_word' id='word_1_234' title='bbox 1296 2797 1427 2843; x_wconf 88' lang='lat' dir='ltr'>ferro</span> <span class='ocrx_word' id='word_1_235' title='bbox 1446 2813 1459 2855; x_wconf 89' lang='lat'>3</span> 
     </span>
     <span class='ocr_line' id='line_1_35' title="bbox 217 2874 1415 2935; baseline 0 -15"><span class='ocrx_word' id='word_1_236' title='bbox 217 2875 488 2920; x_wconf 84' lang='lat' dir='ltr'>Missilibus</span> <span class='ocrx_word' id='word_1_237' title='bbox 511 2874 654 2935; x_wconf 89' lang='lat' dir='ltr'>longe</span> <span class='ocrx_word' id='word_1_238' title='bbox 679 2880 728 2920; x_wconf 92' lang='lat' dir='ltr'>et</span> <span class='ocrx_word' id='word_1_239' title='bbox 753 2879 894 2920; x_wconf 86' lang='lat' dir='ltr'>vasto</span> <span class='ocrx_word' id='word_1_240' title='bbox 919 2875 1130 2920; x_wconf 83' lang='lat' dir='ltr'>clamore</span> <span class='ocrx_word' id='word_1_241' title='bbox 1153 2875 1415 2920; x_wconf 84' lang='lat' dir='ltr'>lacessunt.</span> 
     </span>
     <span class='ocr_line' id='line_1_36' title="bbox 216 2950 1415 3012; baseline -0.003 -15"><span class='ocrx_word' id='word_1_242' title='bbox 216 2952 442 2997; x_wconf 85' lang='lat' dir='ltr'>Venerat</span> <span class='ocrx_word' id='word_1_243' title='bbox 466 2951 687 3011; x_wconf 88' lang='lat' dir='ltr'>antiquis</span> <span class='ocrx_word' id='word_1_244' title='bbox 712 2950 918 3012; x_wconf 80' lang='lat' dir='ltr'>Corythi</span> <span class='ocrx_word' id='word_1_245' title='bbox 944 2951 1002 2996; x_wconf 88' lang='lat' dir='ltr'>de</span> <span class='ocrx_word' id='word_1_246' title='bbox 1027 2950 1209 2996; x_wconf 86' lang='lat' dir='ltr'>finibus</span> <span class='ocrx_word' id='word_1_247' title='bbox 1232 2951 1415 3007; x_wconf 90' lang='lat' dir='ltr'>Acron,</span> 
     </span>
    </p>
   </div>
  </div>
 </body>
</html>
