2138 3241
872 213 1056 245 AENEID
1095 217 1140 247 X.

170 328 247 374 Ac
269 328 445 385 velut,{
447 331 618 389 optato
642 327 802 373 ventis
826 332 1017 374 aestate
1040 330 1232 386 coortis,

169 404 405 465 Dispersa.
428 404 644 449 inmittit
668 404 803 449 silvis
827 405 1055 450 incendia
1081 410 1280 466 pastor3

170 481 433 541 Conreptis
457 480 620 525 subito
644 481 830 537 mediis,
857 482 1144 527 extenditur
1170 499 1271 527 una

171 557 391 605 Horrida
417 573 504 618 per
528 557 656 602 latos
680 557 806 602 acies
831 558 1071 603 Volcania
1097 575 1292 621 campos
1309 577 1322 618 3

171 636 266 683 Ille
289 633 461 679 sedens
486 634 643 679 victor
667 634 894 679 flammas
921 635 1174 696 despectat
1199 637 1393 682 ovantis
1416 653 1424 682 :

171 708 287 754 Non
313 709 669 769 alitersssocium
695 710 856 755 virtus
881 711 977 756 coit
1002 713 1160 757 omnis
1183 714 1233 757 in
1261 730 1432 771 unum,

169 786 334 847 Teque
357 786 515 843 iuvat,
542 786 699 832 Palla.
774 787 866 833 Sed
894 788 1031 833 bellis
1056 804 1167 834 acer
1192 790 1443 835 Halaesus

170 863 353 909 Tendit
377 863 431 907 in
456 862 700 919 adverSOS,
726 878 873 924 seque
897 864 949 908 in
973 880 1063 909 sua
1088 865 1290 927 conligit
1316 882 1472 912 arma.

172 939 272 986 Hic
296 944 486 984 mactat
512 938 731 997 Ladona,
758 939 1084 1002 Pheretaque,
1112 942 1570 1003 Demodocumque:

174 1015 457 1078 Strymonio
481 1015 710 1061 dextram
734 1015 950 1077 fulgenti
974 1018 1153 1079 deripit
1178 1035 1292 1065 ense

172 1094 378 1140 Elatam
401 1094 454 1138 in
478 1093 704 1154 iugulum
720 1110 733 1151 3
769 1110 887 1139 saxo
911 1094 1029 1140 ferit
1053 1111 1139 1141 ora
1164 1096 1415 1154 ThoantiS,

173 1170 393 1231 Ossaque
418 1169 646 1230 dispersit:
671 1170 867 1216 cerebro
891 1172 1138 1232 permixta
1162 1178 1382 1219 cruento.

174 1247 302 1293 Fata
326 1261 509 1291 canens
526 1245 661 1290 silvis
685 1247 879 1306 genitor
902 1248 1091 1293 celarat
1116 1249 1391 1294 Halaesum
1411 1266 1424 1308 3

174 1323 252 1370 Ut
276 1323 437 1369 senior
459 1322 558 1368 leto
582 1323 813 1368 canentia
838 1323 1028 1369 lumina
1053 1325 1213 1383 solvit,

175 1401 394 1446 Iniecere
418 1415 623 1444 manum
649 1399 851 1456 Parcae,
878 1401 1087 1462 telisque
1112 1407 1378 1448 sacrarunt

174 1477 418 1523 Euandri.
489 1476 645 1531 Quem
670 1476 736 1521 sic
762 1477 928 1522 Pallas
951 1479 1079 1539 petit
1104 1484 1222 1525 ante
1248 1485 1504 1540 precatus:

176 1555 256 1601 Da
281 1570 428 1610 nunc,
452 1553 640 1614 Thybri
663 1558 821 1614 pater,
848 1554 991 1612 ferro,
1018 1556 1147 1616 quod
1173 1557 1354 1601 missile
1378 1557 1518 1615 libro,

176 1632 453 1678 Fortunam
477 1635 628 1690 atque
652 1630 782 1675 viam
807 1631 918 1676 duri
942 1648 1029 1692 per
1052 1638 1222 1693 pectus
1249 1634 1470 1679 Halaesi.

178 1708 317 1753 Haec
340 1722 481 1751 arma
505 1706 806 1768 exuviasque
830 1708 925 1752 viri
948 1712 1038 1753 tua
1063 1725 1272 1770 quercus
1297 1709 1517 1756 habebit.

176 1784 359 1830 Audiit
375 1783 462 1829 illa
487 1783 632 1829 deus:
671 1784 788 1828 dum
814 1785 941 1829 texit
966 1786 1176 1831 Imaona
1200 1787 1463 1844 Halaesus,

179 1860 397 1907 Arcadio
419 1860 599 1906 infelix
621 1861 721 1906 telo
746 1861 833 1906 dat
856 1867 1026 1923 pectus
1044 1863 1305 1910 inermum.

179 1939 256 1984 At
279 1953 381 1983 non
403 1938 553 1983 caede
577 1938 674 1982 viri
697 1943 845 1983 tanta
871 1939 1139 1999 perterrita
1167 1940 1375 1999 Lausus,

178 2014 304 2060 Pars
327 2014 502 2075 ingens
527 2014 655 2071 belli,
681 2014 800 2059 sinit
824 2015 1026 2075 agmina
1048 2032 1056 2061 :
1094 2017 1283 2077 primus
1307 2019 1563 2065 Abantem

179 2091 473 2154 Oppositum
496 2091 755 2151 interimit,
782 2108 980 2153 pugnae
1005 2094 1285 2155 nodumque
1309 2111 1610 2157 moramque.

182 2169 437 2215 Sternitur
460 2168 708 2214 Arcadiae
732 2169 905 2229 proleS,
931 2174 1229 2216 sternuntur
1255 2171 1470 2230 Etrusci,

180 2245 250 2291 Et
275 2261 372 2302 vos,
397 2260 425 2290 o
450 2244 612 2290 Graiis
637 2245 886 2306 inperdita
911 2261 1126 2307 corpora,
1153 2247 1342 2294 Teucri.

179 2321 401 2383 Agmina
425 2325 725 2366 concurrunt
750 2319 1050 2382 ducibusque
1074 2326 1125 2368 et
1150 2324 1336 2369 viribus
1361 2325 1544 2385 aequis.

181 2398 410 2444 Extremi
435 2397 709 2443 addensent
733 2397 860 2443 acies
876 2415 888 2456 3
926 2413 1014 2443 nec
1038 2399 1189 2444 turba
1214 2401 1401 2446 moveri

180 2475 297 2522 Tela
320 2490 594 2535 manusque
617 2474 750 2520 sinit.
822 2475 956 2520 Hinc
982 2475 1150 2520 Pallas
1172 2476 1330 2522 instat
1354 2482 1404 2522 et
1427 2482 1624 2538 urguet,

183 2552 319 2598 Hinc
342 2556 516 2597 contra
542 2551 748 2609 Lausus,
776 2549 885 2613 (nec
909 2552 1125 2597 multum
1151 2553 1396 2613 discrepat
1419 2553 1597 2616 aetas,)

183 2629 385 2690 Egregii
409 2628 570 2672 forma
589 2644 602 2685 3
637 2627 720 2672 sed
744 2627 854 2689 quis
878 2627 1083 2673 fortuna
1108 2635 1320 2689 negarat

185 2706 250 2751 In
274 2705 490 2766 patriam
512 2704 714 2750 reditus.
785 2705 926 2765 Ipsos
950 2721 1236 2751 concurrere
1261 2722 1432 2767 passus

187 2782 342 2829 Haud
365 2787 536 2828 tamen
558 2783 692 2827 inter
714 2798 765 2828 se
789 2783 959 2843 magni
982 2788 1218 2844 regnator
1243 2784 1440 2845 Olympi
1462 2801 1474 2843 3

186 2858 306 2904 Mox
330 2858 438 2904 illos
461 2874 550 2904 sua
573 2858 684 2904 fata
709 2866 917 2906 manent
939 2861 1123 2905 maiore
1147 2861 1238 2905 sub
1262 2860 1413 2906 hoste.

254 2936 459 2982 Interea
477 2951 612 2980 soror
635 2936 769 2981 alma
794 2940 962 2982 monet
987 2937 1242 2982 succedere
1269 2936 1431 2981 Lauso

1778 206 1832 250 153

1739 346 1832 393 405

1741 732 1838 773 410

1741 1113 1834 1161 415

1743 1499 1841 1542 420

1748 1880 1842 1928 425

1749 2266 1847 2310 430

1750 2645 1844 2694 435
