2138 3241
936 182 1125 215 AENEID
1159 184 1205 216 X.

304 297 416 343 Iam
439 297 602 359 gravis
625 297 876 357 aequabat
899 296 1066 342 luctus
1089 301 1140 342 et
1164 302 1341 342 mutua
1367 297 1573 343 Mavors

239 372 451 430 Funera,
477 373 748 418 caedebant
771 371 962 432 pariter
987 372 1270 433 pariterque
1294 373 1511 418 ruebant

238 447 462 494 Victores
487 449 701 509 victique
719 464 732 505 3
769 462 928 508 neque
952 447 1029 492 his
1052 447 1174 508 fuga
1199 453 1335 504 nota,
1361 463 1521 509 neque
1545 447 1655 494 illis.

238 521 306 567 Di
331 523 462 568 Iovis
491 523 544 569 in
567 523 713 568 tectis
735 523 862 567 iram
888 522 1191 567 miserantur
1213 522 1414 568 inanem

236 599 530 657 Amborum,
556 604 606 645 et
630 603 801 644 tantos
826 599 1116 644 mortalibus
1141 614 1241 645 esse
1266 599 1454 644 labores
1473 615 1486 656 3

236 677 370 722 Hinc
393 676 581 733 Venus,
615 675 730 721 hinc
754 680 928 720 contra
953 679 1144 736 spectat
1170 675 1410 721 Saturnia
1437 675 1579 722 Iuno.

232 753 425 799 Pallida
449 753 712 814 Tisiphone
735 752 898 798 media
922 753 1055 798 inter
1081 752 1217 797 milia
1242 753 1414 798 saevit.

232 831 307 876 At
330 846 446 876 vero
468 830 722 891 ingentem
746 830 976 890 quatiens
1001 829 1280 875 Mezentius
1304 829 1504 874 hastam

228 906 474 952 Turbidus
497 906 777 968 ingreditur
800 922 986 967 campo.
1058 906 1221 961 Quam
1246 921 1457 967 magnus
1481 906 1648 964 Orion,

229 982 357 1029 Cum
381 983 526 1044 pedes
550 982 734 1028 incedit
759 983 903 1028 medii
929 999 1015 1044 per
1039 982 1258 1028 maxima
1283 982 1437 1028 Nerei

228 1059 421 1121 Stagna
445 1059 579 1105 viam
602 1059 840 1117 scindens,
866 1059 1072 1105 humero
1096 1059 1429 1120 supereminet
1454 1061 1616 1106 undas
1635 1079 1647 1115 ;

224 1137 349 1193 Aut,
376 1137 580 1182 summis
602 1136 822 1181 referens
846 1152 1086 1181 annosam
1111 1136 1363 1181 montibus
1387 1153 1582 1194 ornum,

224 1212 613 1274 Ingrediturque
636 1213 735 1258 solo
759 1217 810 1258 et
833 1218 984 1274 caput
1008 1214 1140 1258 inter
1164 1213 1337 1258 nubila
1362 1214 1527 1260 condit
1551 1232 1559 1260 :

225 1289 358 1334 Talis
381 1304 431 1334 se
455 1289 608 1334 vastis
631 1288 786 1334 infert
812 1288 1093 1334 Mezentius
1129 1289 1298 1335 armis.

227 1365 362 1411 Huic
386 1368 560 1410 contra
583 1364 795 1422 Aeneas,
822 1365 1104 1426 speculatus
1127 1365 1180 1410 in
1206 1365 1404 1426 agmine
1429 1365 1588 1427 longo,

223 1440 410 1487 Obvius
433 1440 505 1486 ire
528 1445 690 1502 parat.
765 1440 944 1486 Manet
968 1441 1316 1502 inperterritus
1340 1441 1436 1500 ille,

225 1518 438 1564 Hostem
461 1519 841 1579 magnanimum
865 1519 1138 1579 opperiens,
1164 1522 1216 1563 et
1240 1519 1365 1564 mole
1389 1535 1479 1564 sua
1515 1524 1618 1565 stat
1638 1537 1650 1578 ;

226 1596 397 1656 Atque
432 1595 585 1640 oculis
608 1595 826 1656 spatium
851 1611 1090 1652 emensus,
1116 1600 1364 1656 quantum
1389 1596 1510 1642 satis
1536 1597 1710 1642 hastae
1731 1615 1740 1645 :

223 1672 417 1718 Dextra
442 1671 564 1717 mihi
588 1671 706 1717 deus
731 1677 781 1717 et
806 1672 977 1729 telum,
1005 1672 1133 1734 quod
1159 1672 1344 1718 missile
1369 1673 1508 1731 libro,

223 1748 375 1794 Nunc
398 1748 564 1793 adsint
589 1751 596 1794 1
666 1749 837 1794 Voveo
861 1749 1121 1810 praedonis
1145 1765 1344 1810 corpore
1368 1750 1527 1811 raptis

224 1824 472 1871 Indutum
495 1825 661 1885 spoliis
685 1825 847 1886 ipsum
873 1830 936 1883 te,
965 1825 1140 1883 Lause,
1168 1831 1429 1886 tropaeum

221 1903 435 1948 Aeneae.
509 1901 666 1959 Dixit,
692 1902 1083 1963 stridentemque
1107 1903 1299 1949 eminus
1323 1903 1523 1949 hastam

221 1979 349 2026 Iecit
367 1995 380 2038 3
416 1983 472 2024 at
495 1978 581 2025 illa
606 1979 778 2024 volans
802 1980 954 2040 clipeo
979 1984 1053 2024 est
1076 1995 1293 2037 excussa,
1321 1980 1588 2041 proculque

223 2055 493 2117 Egregium
517 2056 748 2101 Antoren
771 2057 904 2101 latus
929 2057 1061 2101 inter
1084 2061 1134 2101 et
1158 2056 1244 2101 ilia
1270 2057 1406 2117 figit,

221 2132 453 2178 Herculis
475 2133 706 2178 Antoren
730 2133 973 2190 comitem,
999 2133 1085 2193 qui
1111 2134 1286 2178 missus
1310 2134 1374 2178 ab
1405 2134 1558 2195 Argis

220 2210 472 2256 Haeserat
496 2209 746 2267 Euandro,
773 2215 926 2270 atque
952 2210 1087 2255 Itala
1110 2210 1399 2256 consederat
1425 2212 1558 2256 urbe.

222 2286 478 2332 Sternitur
501 2285 677 2331 infelix
701 2286 862 2332 alieno
887 2287 1102 2343 volnere,
1129 2288 1420 2348 caelumque

220 2363 461 2423 Adspicit,
487 2367 538 2408 et
563 2362 716 2408 dulcis
739 2363 953 2408 moriens
978 2363 1316 2409 reminiscitur
1340 2364 1518 2425 Argos.

220 2440 346 2485 Tum
371 2439 481 2501 pius
505 2439 703 2485 Aeneas
727 2440 925 2485 hastam
951 2441 1097 2488 iacit:
1124 2441 1209 2486 illa
1234 2456 1321 2502 per
1345 2441 1512 2485 orbem

218 2517 354 2561 Aere
376 2532 548 2561 cavom
573 2516 768 2577 triplici,
794 2532 881 2577 per
904 2517 1037 2562 linea
1061 2523 1215 2578 terga,
1243 2517 1501 2578 tribusque

221 2592 442 2638 Transiit
465 2593 716 2638 intextum
742 2594 900 2638 tauris
924 2610 1059 2654 opus,
1086 2594 1285 2655 imaque
1311 2594 1437 2638 sedit

220 2669 436 2730 Inguine
455 2685 468 2727 3
494 2669 576 2714 sed
601 2670 719 2714 viris
743 2669 874 2714 haud
900 2669 1121 2729 pertulit.
1195 2670 1341 2715 Ocius
1365 2685 1530 2714 ensem

219 2746 418 2791 Aeneas
441 2745 544 2791 viso
568 2746 814 2806 Tyrrheni
841 2747 1084 2807 sanguine
1111 2747 1274 2791 laetus

218 2822 384 2883 Eripit
406 2838 437 2867 a
460 2821 658 2880 femine,
683 2827 733 2868 et
757 2823 1033 2884 trepidanti
1057 2822 1278 2868 fervidus
1301 2822 1475 2869 instat.

218 2898 476 2960 Ingemuit
499 2898 602 2943 cari
626 2899 850 2960 graviter
873 2898 1110 2960 genitoris
1133 2914 1313 2957 amore,

1806 1065 1895 1123 765

1801 1459 1894 1504 770

1800 1842 1891 1889 775

1795 2598 1883 2656 785
