2138 3241
224 155 246 199 4
958 171 1155 203 VERGIL.

227 286 454 332 Obiecit'.Z
525 286 661 341 Quae
687 301 835 330 causa
860 284 974 343 fuit,
1000 301 1295 347 consurgere
1317 286 1371 331 in
1395 301 1538 330 arma
1831 303 1895 348 90

226 362 574 423 Europamque
597 362 885 422 Asiamque,
912 367 962 407 et
987 361 1185 407 foedera
1209 361 1397 407 solvere
1420 360 1557 407 furto
1577 363 1593 407 [l

226 438 312 484 Me
335 438 456 483 duce
482 437 766 483 Dardanius
793 438 1025 498 Spartam
1053 438 1361 499 expugnavit
1384 438 1610 484 adulter?

226 516 335 559 Aut
359 528 448 574 ego
473 513 574 558 tela
600 513 725 570 dedi,
753 513 917 559 fovive
943 514 1184 575 Cupidine
1209 514 1370 560 bella‘.l

227 591 353 636 Tum
377 589 543 635 decuit
567 590 800 635 metuisse
824 590 925 635 tuis
944 607 956 648 3
993 606 1127 635 nunc
1152 606 1260 636 sera
1285 590 1498 652 querelis

228 666 383 711 Haud
406 665 551 710 iustis
575 665 816 726 adsurgis,
843 672 892 711 et
916 666 1072 711 inrita
1096 666 1258 726 iurgia
1280 666 1448 711 iactas.
1834 682 1893 730 95

292 743 498 790 Talibus
516 744 693 789 orabat
718 744 863 801 Iuno,
889 744 1152 805 cunctique
1176 744 1462 790 fremebant

227 820 499 867 Caelicolae
523 820 735 866 adsensu
759 820 897 865 vario
913 837 926 878 3
963 836 1051 866 ceu
1076 821 1282 866 flamina
1306 821 1469 882 prima

226 897 352 943 Cum
377 896 615 958 deprensa
639 896 864 943 fremunt
889 897 1038 956 silvis,
1064 903 1115 944 et
1139 914 1284 944 caeca
1308 898 1543 945 volutant

222 974 509 1033 Murmura,
535 979 774 1020 venturos
798 975 970 1020 nautis
994 975 1257 1036 prodentia
1281 981 1468 1021 ventos.

222 1051 349 1097 Tum
372 1055 518 1112 pater
540 1051 867 1112 omnipotens,
893 1067 1063 1097 rerum
1088 1052 1167 1097 cui
1189 1067 1382 1097 summa
1405 1056 1640 1114 potestas,
1807 1069 1899 1100 100

223 1128 349 1173 Infit
369 1145 377 1174 :
416 1143 470 1174 eo
495 1127 688 1174 dicente
713 1128 859 1173 deum
883 1127 1056 1174 domus
1080 1128 1184 1174 alta
1208 1128 1404 1187 silescit,

225 1205 294 1250 Et
317 1204 614 1250 tremefacta
642 1205 743 1250 solo
767 1204 916 1250 tellus
932 1222 945 1263 3
981 1204 1094 1250 silet
1118 1205 1300 1251 arduos
1325 1205 1527 1264 aether3

223 1281 351 1327 Tum
376 1280 595 1342 Zephyri
618 1296 852 1342 posuere,
888 1281 1072 1342 premit
1096 1281 1291 1342 placida
1315 1297 1529 1343 aequora
1554 1285 1764 1343 pontus:

224 1358 451 1419 Accipite
476 1373 591 1418 ergo
616 1357 796 1403 animis
821 1362 972 1420 atque
997 1358 1117 1404 haec
1142 1375 1252 1405 mea
1277 1359 1415 1420 figite
1439 1359 1585 1406 dicta.

226 1435 635 1496 Quandoquidem
660 1435 912 1481 Ausonios
937 1437 1170 1498 coniungi
1194 1436 1387 1483 foedere
1411 1437 1611 1483 Teucris
1808 1452 1896 1501 105

230 1511 386 1558 Haud
410 1511 618 1569 licitum,
645 1527 736 1557 nec
761 1516 930 1558 vestra
956 1513 1091 1574 capit
1116 1512 1357 1559 discordia
1382 1514 1530 1559 finem
1553 1531 1562 1560 x

226 1589 365 1644 Quae
389 1588 564 1649 cuique
589 1593 663 1633 est
688 1587 895 1634 fortuna
921 1589 1078 1647 hodie,
1105 1605 1256 1650 quam
1281 1590 1488 1651 quisque
1513 1594 1647 1636 secat
1670 1606 1822 1652 spem,

224 1667 345 1711 Tros
371 1665 657 1710 Rutulusne
682 1664 809 1723 fuat,
837 1665 973 1710 nullo
993 1666 1272 1712 discrimine
1297 1667 1489 1713 habebo
1508 1684 1521 1727 3

228 1742 325 1788 Seu
348 1741 468 1788 fatis
493 1742 683 1787 Italum
708 1747 873 1789 castra
898 1743 1148 1789 obsidione
1172 1748 1427 1802 tenentur,

229 1819 344 1865 Sive
367 1834 532 1864 errore
557 1819 689 1864 malo
713 1819 888 1865 Troiae
913 1820 1210 1881 monitisque
1234 1821 1463 1867 sinistris.
1809 1840 1828 1869 1
1843 1839 1902 1869 10

228 1895 280 1942 N
282 1911 334 1941 ec
360 1895 579 1940 Rutulos
604 1895 750 1942 solvo.
824 1895 925 1941 Sua
950 1897 1126 1958 cuique
1150 1913 1322 1943 exorsa
1346 1898 1565 1943 laborem

228 1972 604 2033 Fortunamque
628 1972 807 2018 ferent.
881 1972 990 2018 Rex
1017 1974 1246 2035 Iuppiter
1270 1975 1499 2020 omnibus
1522 1974 1665 2020 idem.

230 2050 360 2096 Fata
380 2049 519 2094 viam
544 2049 817 2095 invenient.
891 2050 1053 2112 Stygii
1076 2066 1164 2112 per
1188 2051 1396 2096 fiumina
1420 2051 1608 2109 fratris,

228 2129 325 2175 Per
348 2130 452 2191 pice
475 2130 712 2175 torrentis
737 2135 949 2192 atraque
972 2131 1208 2193 voragine
1231 2132 1367 2193 ripas

228 2206 441 2263 Adnuit,
468 2210 518 2251 et
541 2210 705 2251 totum
730 2210 861 2252 nutu
885 2206 1165 2253 tremefecit
1189 2207 1472 2269 Olympum.
1808 2225 1827 2256 1
1842 2223 1896 2271 15

230 2285 330 2330 Hic
355 2284 466 2329 finis
490 2284 641 2330 fandi.
715 2285 844 2331 Solio
867 2289 978 2331 tum
1004 2286 1234 2348 Iuppiter
1257 2302 1408 2332 aureo

232 2361 417 2421 Surgit,
444 2361 702 2406 caelicolae
726 2361 943 2407 medium
968 2378 1114 2423 quem
1140 2362 1204 2407 ad
1227 2362 1401 2408 limina
1427 2362 1630 2409 ducunt.

296 2438 500 2483 Interea
526 2437 708 2482 Rutuli
730 2439 887 2498 portis
911 2438 1095 2484 circum
1120 2439 1347 2484 omnibus
1371 2440 1566 2485 instant

233 2514 465 2560 Sternere
489 2513 634 2559 caede
659 2515 805 2572 viros
833 2520 882 2560 et
907 2516 1102 2561 moenia
1127 2516 1323 2577 cingere
1347 2516 1570 2562 flammis.

226 2592 302 2638 At
325 2590 452 2652 legio
475 2591 771 2636 Aeneadum
796 2591 940 2637 vallis
963 2592 1155 2638 obsessa
1179 2597 1383 2639 tenetur
1401 2609 1414 2651 3
1808 2611 1899 2641 120

229 2669 336 2714 Nec
360 2683 468 2728 spes
492 2667 595 2712 ulla
620 2667 782 2729 fugae.
857 2667 1030 2713 Miseri
1054 2674 1194 2714 stant
1217 2670 1443 2715 turribus
1466 2670 1582 2715 altis

227 2744 564 2805 Nequiquam,
591 2748 642 2788 et
665 2759 782 2788 rara
807 2759 973 2789 muros
996 2745 1194 2791 cinxere
1217 2761 1396 2791 corona
1416 2764 1424 2794 t

228 2819 382 2865 Asius
406 2819 723 2878 Imbrasides,
750 2819 1175 2882 Hicetaoniusque
1198 2820 1507 2882 Thymoetes,

235 2897 559 2958 Assaracique
585 2897 697 2953 duo,
723 2901 774 2942 et
798 2897 958 2942 senior
983 2914 1094 2943 cum
1120 2898 1325 2944 Castore
1349 2899 1630 2962 Thymbxis,
