2138 3241
240 182 299 227 14
970 196 1166 228 VERGIL.

233 313 473 372 Turnum,
498 314 584 374 qui
607 313 794 358 volucri
817 327 966 358 curru
990 310 1206 357 medium
1231 315 1364 356 secat
1388 325 1583 372 agmen.

233 391 311 437 Ut
335 391 461 436 Vidit
485 390 635 436 socios
657 405 665 435 :
703 390 917 450 Tempus
941 388 1175 434 desistere
1199 403 1398 449 pugnae
1417 404 1430 445 3

234 467 375 513 Solus
398 483 487 529 ego
511 467 563 512 in
589 466 826 511 Pallanta
851 464 982 511 feror
1001 481 1014 523 3
1053 464 1141 510 soli
1166 464 1291 509 mihi
1316 463 1483 508 Pallas

233 545 486 603 Debetur3
523 558 752 604 cuperem
776 542 880 603 ipse
903 557 1084 602 parens
1108 545 1355 602 spectator
1380 540 1586 586 adesset.

232 622 371 667 Haec
396 621 468 666 ait
484 638 497 680 3
534 625 585 666 et
610 620 729 666 socii
752 623 1004 665 cesserunt
1029 633 1241 679 aequore
1264 618 1409 663 iusso.

230 699 320 756 At,
348 698 597 743 Rutulum
623 697 865 754 absceSSU,
891 695 1085 741 iuvenis
1109 700 1220 740 tum
1243 695 1377 739 iussa
1401 694 1614 754 superba

230 776 450 821 Miratus
473 779 643 836 stupet
667 774 720 820 in
744 773 927 830 Turno,
953 787 1225 833 corpusque
1249 787 1336 832 per
1359 771 1535 831 ingens

231 852 446 898 Lumina
470 850 642 908 volvit,
669 851 870 912 obitque
894 850 1025 894 truci
1049 848 1218 910 procul
1242 848 1408 893 omnia
1431 848 1541 892 visu
1557 863 1571 905 3

228 930 431 975 Talibus
456 933 507 975 et
532 928 677 974 dictis
701 928 743 973 it
767 932 945 973 contra
968 926 1102 972 dicta
1127 926 1365 987 tyranni:

228 1009 339 1053 Aut
363 1006 529 1067 spoliis
552 1021 639 1066 ego
664 1006 763 1050 iam
791 1005 952 1065 raptis
976 1003 1218 1049 laudabor
1242 1002 1432 1063 opimis,

228 1088 338 1132 Aut
361 1086 460 1131 leto
484 1086 682 1147 insigni.
756 1084 888 1131 Sorti
914 1088 1059 1145 pater
1084 1099 1229 1129 aecus
1254 1082 1456 1143 utrique
1481 1086 1569 1127 est.

228 1164 362 1210 Tolle
387 1163 562 1208 minas.
636 1163 793 1208 Fatus
817 1161 1033 1207 medium
1058 1160 1278 1222 procedit
1302 1160 1355 1205 in
1381 1174 1577 1220 aequor.

229 1240 458 1302 Frigidus
482 1239 762 1285 Arcadibus
787 1239 883 1284 coit
906 1239 960 1283 in
985 1237 1270 1299 praecordia
1295 1236 1510 1297 sanguis.

230 1318 445 1364 Desiluit
468 1317 666 1362 Turnus
690 1316 898 1377 biiugis3
935 1315 1081 1376 pedes
1100 1319 1316 1375 apparat
1340 1313 1412 1358 ire

227 1395 476 1440 Cominus.
548 1393 725 1455 thue
749 1393 838 1449 le0‚
865 1392 1064 1454 specula
1089 1407 1200 1436 cum
1226 1390 1352 1435 vidit
1378 1389 1442 1434 ab
1467 1388 1574 1434 alta

229 1472 374 1518 Stare
398 1470 567 1533 procul
593 1471 779 1531 campis
803 1469 1134 1515 meditantem
1158 1467 1212 1512 in
1230 1466 1416 1528 proelia
1441 1471 1662 1524 taurum,

226 1549 448 1594 Advolat
464 1566 477 1607 3
514 1548 649 1594 haud
675 1548 772 1593 alia
796 1553 869 1593 est
894 1547 1051 1592 Turni
1074 1545 1320 1592 venientis
1344 1545 1518 1606 imago.

229 1626 382 1671 Hunc
407 1626 492 1671 ubi
516 1625 800 1686 contiguom
826 1624 1003 1669 missae
1026 1622 1133 1668 fore
1158 1621 1368 1667 credidit
1392 1621 1584 1679 hastae,

227 1704 311 1749 Ire
335 1704 468 1765 prior
494 1703 677 1760 Pallas,
703 1702 744 1748 si
769 1718 867 1762 qua
892 1701 994 1746 fors
1019 1700 1224 1745 adiuvet
1249 1715 1428 1744 ausum

226 1780 435 1826 Viribus
459 1779 732 1841 inparibus,
759 1793 1097 1840 magnumque
1120 1777 1194 1822 ita
1220 1777 1284 1822 ad
1309 1776 1514 1821 aethera
1540 1775 1709 1821 fatur:

225 1859 322 1904 Per
345 1859 504 1920 patris
528 1857 813 1919 hospitium,
839 1862 889 1902 et
914 1872 1111 1901 mensas
1135 1870 1259 1916 quas
1283 1854 1477 1900 advena
1502 1852 1662 1910 adisti,

226 1937 293 1982 Te
316 1951 501 1997 precor,
528 1935 721 1992 Alcide,
749 1933 932 1995 coeptis
955 1932 1243 1994 ingentibus
1267 1931 1411 1977 adsis.

227 2013 414 2059 Cernat
438 2012 668 2058 semineci
692 2011 784 2057 sibi
809 2027 887 2056 me
913 2025 1088 2071 rapere
1113 2025 1253 2054 arma
1279 2012 1515 2066 cruenta3

226 2090 578 2150 Victoremque
602 2088 772 2134 ferant
797 2087 1063 2133 morientia
1087 2085 1281 2131 lumina
1306 2084 1476 2130 Turni.

225 2165 405 2212 Audiit
430 2165 627 2211 Alcides
650 2166 895 2221 iuvenem,
922 2177 1261 2224 magnumque
1287 2163 1379 2207 sub
1403 2161 1504 2205 imo

227 2243 382 2289 Corde
407 2243 588 2304 premit
613 2241 868 2303 gemitum,
894 2241 1223 2300 lacrimasque
1247 2237 1458 2284 effundit
1482 2236 1661 2283 inanis.

226 2321 352 2366 Tum
374 2319 582 2365 Genitor
607 2322 819 2379 gnatum
844 2316 987 2362 dictis
1011 2315 1217 2362 adfatur
1241 2316 1438 2361 amicis:

229 2396 344 2442 Stat
369 2412 458 2441 sua
483 2395 660 2455 cuique
685 2394 786 2439 dies
802 2410 815 2452 3
843 2393 988 2438 breve
1013 2397 1063 2438 et
1087 2391 1422 2453 inreparabile
1445 2395 1643 2451 tempus

228 2472 471 2519 Omnibus
495 2478 569 2517 est
594 2471 756 2516 vitae:
784 2470 866 2515 sed
890 2470 1082 2514 famam
1107 2469 1375 2514 extendere
1400 2467 1564 2525 factis,

227 2549 339 2594 Hoc
362 2548 567 2594 virtutis
590 2562 729 2610 opus.
803 2545 978 2591 Troiae
1003 2545 1093 2590 sub
1118 2545 1375 2590 moenibus
1400 2543 1516 2589 altis

226 2627 319 2672 Tot
344 2625 487 2686 gnati
510 2624 724 2670 cecidere
751 2623 895 2669 deum
912 2639 925 2681 3
951 2623 1072 2683 quin
1097 2621 1272 2667 occidit
1297 2636 1400 2666 una

228 2702 493 2763 Sarpedon,
519 2716 629 2746 mea
654 2700 923 2761 progenies.
997 2698 1166 2743 Etiam
1191 2715 1281 2744 sua
1306 2699 1532 2743 Turnum

228 2780 354 2825 Fata
378 2783 575 2836 vocant,
600 2783 855 2838 metasque
878 2776 985 2821 dati
1010 2775 1237 2837 pervenit
1261 2775 1326 2821 ad
1350 2775 1471 2822 aevi.

230 2856 306 2902 Sic
332 2855 419 2913 ait,
445 2861 597 2915 atque
621 2853 782 2900 oculos
808 2853 1113 2899 Rutulorum
1138 2852 1280 2897 reicit
1303 2851 1446 2897 arvis.

227 2934 303 2978 At
328 2931 496 2977 Pallas
519 2931 714 2992 magnis
738 2930 926 2976 emittit
950 2929 1138 2974 viribus
1163 2928 1378 2985 hastam,

1805 325 1903 368 440

1803 708 1898 755 445

1805 1096 1902 1143 450

1802 1480 1897 1528 455

1797 1856 1896 1912 460

1799 2634 1897 2679 470
