2138 3241
902 208 1090 239 AENEID
1126 208 1171 240 X.

209 323 340 378 Quid
364 322 458 369 tibi
482 338 629 380 nunc,
656 323 935 368 miserande
960 339 1096 384 puer,
1122 340 1212 385 pro
1236 324 1465 370 laudibus
1487 324 1608 382 istis,

205 399 335 455 Quid
358 399 469 461 pius
492 399 691 444 Aeneas
713 403 861 445 tanta
887 399 1026 444 dabit
1049 400 1213 445 indole
1239 400 1476 461 dignum?

205 476 379 533 Arma,
404 476 582 537 quibus
604 476 838 532 laetatus,
866 475 994 522 habe
1018 481 1108 522 tua
1128 493 1140 534 3
1168 482 1315 538 teque
1340 482 1608 538 parentum

207 551 444 598 Manibus
467 557 518 597 et
542 552 710 609 cineri,
738 552 780 597 si
804 569 901 613 qua
926 557 1000 598 est
1025 568 1083 598 ea
1108 569 1242 609 cura,
1267 554 1482 599 remitto.

208 629 318 674 Hoc
340 632 511 674 tamen
534 628 710 673 infelix
734 629 962 674 miseram
988 629 1207 674 solabere
1232 634 1442 675 mortem
1466 646 1475 676 ε

204 703 406 748 Aeneae
429 703 600 763 magni
623 702 799 748 dextra
823 703 969 748 cadis.
1043 704 1281 765 Increpat
1309 704 1444 749 ultro

207 779 506 825 Cunctantis
529 779 693 837 socios,
720 784 771 825 et
794 784 934 825 terra
960 780 1185 826 sublevat
1210 780 1388 841 ipsum,

207 854 460 917 Sanguine
483 860 774 917 turpantem
799 861 1017 917 comptos
1042 857 1100 902 de
1125 872 1260 902 more
1285 857 1501 918 capillos,

273 932 478 978 Interea
500 933 697 994 genitor
721 933 941 979 Tiberini
966 933 1027 979 ad
1053 934 1272 979 fluminis
1296 935 1481 980 undam

205 1010 428 1057 Volnera
452 1011 669 1057 siccabat
692 1012 922 1073 lymphis,
949 1029 1219 1074 corpusque
1244 1013 1446 1059 levabat

205 1088 417 1133 Arboris
440 1088 640 1134 acclinis
661 1093 854 1135 trunco.
927 1089 1105 1134 Procul
1130 1105 1275 1135 aerea
1300 1090 1453 1135 ramis

210 1165 469 1226 Dependet
493 1165 651 1227 galea,
677 1172 726 1212 et
751 1171 895 1227 prato
921 1167 1091 1227 gravia
1117 1183 1257 1212 arma
1282 1167 1558 1228 quiescunt.

209 1242 360 1288 Stant
383 1241 499 1287 lecti
523 1242 706 1287 circum
730 1242 933 1288 iuvenes
956 1260 964 1289 ε
991 1243 1092 1304 ipse
1117 1259 1278 1304 aeger,
1305 1243 1565 1301 anhelans,

208 1321 346 1368 Colla
370 1320 521 1379 fovet,
547 1320 687 1367 fusus
712 1337 981 1383 propexam
1005 1324 1058 1368 in
1083 1329 1280 1383 pectore
1304 1323 1512 1368 barbam
1534 1341 1545 1376 ;

209 1399 378 1445 Multa
402 1415 550 1460 super
575 1399 737 1445 Lauso
761 1400 964 1462 rogitat,
991 1401 1308 1462 multumque
1332 1400 1565 1457 remittit,

207 1478 305 1533 Qui
327 1482 573 1535 revocent,
598 1479 871 1540 maestique
896 1478 1064 1524 ferant
1088 1479 1326 1525 mandata
1352 1479 1591 1539 parentis.

207 1555 284 1600 At
308 1554 530 1600 Lausum
554 1555 669 1600 socii
693 1556 968 1601 exanimem
993 1571 1139 1617 super
1163 1572 1304 1601 arma
1329 1552 1562 1601 ferebant

210 1631 424 1688 Flentes,
448 1631 718 1692 ingentem,
744 1636 897 1693 atque
920 1632 1113 1693 ingenti
1137 1632 1336 1678 volnere
1360 1632 1566 1679 victum.

208 1707 467 1769 Adgnovit
491 1695 634 1769 longe
659 1710 900 1770 gemitum
929 1724 1170 1770 praesaga
1195 1709 1317 1754 mali
1341 1724 1493 1755 menS.

212 1784 459 1830 Canitiem
483 1784 642 1830 multo
667 1784 914 1830 deformat
938 1786 1157 1845 pulvere,
1183 1789 1234 1830 et
1258 1786 1432 1831 ambas

209 1859 293 1906 Ad
317 1861 507 1906 caelum
530 1860 693 1906 tendit
718 1861 921 1921 palmas,
949 1865 999 1906 et
1023 1876 1223 1922 corpore
1247 1861 1490 1907 inhaeret.

211 1937 442 1982 Tantane
466 1953 544 1982 me
569 1937 734 1982 tenuit
760 1937 972 1995 vivendi,
999 1942 1132 1995 nate,
1160 1937 1407 1999 voluptas,

213 2014 290 2060 Ut
315 2029 404 2074 pro
427 2029 505 2059 me
529 2014 700 2060 hostili
724 2019 924 2075 paterer
949 2014 1205 2060 succedere
1230 2014 1449 2073 dextrae,

213 2092 370 2146 Quem
394 2091 578 2150 genui?
648 2091 818 2136 Tuane
843 2091 964 2136 haec
989 2091 1185 2152 genitor
1210 2107 1298 2151 per
1323 2091 1525 2136 volnera
1550 2106 1731 2150 servor,

215 2167 383 2213 Morte
406 2172 495 2212 tua
518 2167 689 2212 vivens
708 2169 724 2214 Z
794 2168 925 2225 Heu,
948 2183 1081 2213 nunc
1105 2167 1283 2213 misero
1308 2167 1433 2213 mihi
1457 2167 1654 2214 demum

215 2243 460 2290 Exsilium
484 2243 658 2291 infelix
682 2247 690 2291 Ξ
716 2261 848 2290 nunc
874 2245 976 2290 alte
999 2245 1176 2290 volnus
1201 2246 1435 2290 adactum
1459 2246 1469 2290 Ξ

217 2321 357 2368 Idem
383 2337 486 2383 ego,
512 2327 676 2382 gnate,
703 2326 843 2368 tuom
867 2322 1112 2368 maculavi
1135 2323 1340 2368 crimine
1364 2338 1559 2379 nomen,

217 2399 397 2444 Pulsus
420 2399 482 2444 ob
505 2399 745 2444 invidiam
770 2399 886 2444 solio
911 2400 1213 2461 sceptrisque
1237 2399 1474 2461 paternis.

218 2475 504 2522 Debueram
528 2475 724 2536 patriae
747 2491 928 2537 poenas
951 2476 1170 2538 odiisque
1193 2492 1414 2522 meorum
1438 2493 1447 2522 :

221 2552 394 2598 Omnis
417 2567 506 2612 per
529 2552 702 2597 mortis
725 2553 944 2597 animam
969 2558 1161 2599 sontem
1186 2553 1289 2614 ipse
1314 2553 1549 2600 dedissem
1571 2556 1580 2600 Ξ

219 2629 369 2674 Nunc
393 2628 518 2685 vivo,
545 2643 705 2690 neque
729 2629 891 2674 adhuc
915 2628 1136 2674 homines
1159 2629 1416 2690 lucemque
1440 2630 1666 2690 relinquo
1691 2631 1698 2675 Ξ

222 2704 316 2750 Sed
340 2703 579 2765 linquam.
653 2704 811 2749 Simul
835 2705 924 2750 hoc
950 2705 1114 2751 dicens
1138 2706 1327 2751 attollit
1351 2706 1405 2751 in
1430 2721 1635 2766 aegrum

222 2780 284 2827 Se
305 2778 484 2837 femur,
511 2785 575 2836 et,
603 2795 903 2842 quamquam
928 2781 1002 2826 vis
1026 2781 1129 2827 alto
1153 2782 1351 2827 volnere
1375 2781 1563 2838 tardat,

224 2855 379 2900 Haud
404 2855 633 2913 deiectus,
660 2871 800 2902 ecum
825 2856 936 2902 duci
961 2857 1110 2903 iubet.
1187 2858 1295 2902 Hoc
1321 2857 1467 2902 decus
1491 2857 1578 2913 illi,

224 2931 334 2976 Hoc
358 2931 576 2976 solamen
600 2936 739 2990 erat,
763 2932 904 2977 bellis
928 2933 1017 2979 hoc
1042 2934 1198 2979 victor
1223 2934 1396 2977 abibat

1780 327 1872 385 825

1781 706 1878 764 830

1785 1482 1881 1538 840

1794 2248 1890 2307 850

1793 2631 1885 2690 855
