2138 3241
920 217 1108 248 AENEID
1145 218 1189 249 X.

217 342 530 403 Strymoniae
554 342 678 388 dant
701 342 843 404 signa
867 358 1026 403 grues,
1053 347 1204 403 atque
1229 342 1435 388 aethera
1460 346 1672 389 tranant

216 418 342 464 Cum
365 419 546 477 sonitu,
574 419 873 480 fugiuntque
898 424 1039 464 notos
1063 419 1275 464 clamore
1300 419 1522 465 secunde.

214 499 288 544 At
313 499 503 544 Rutulo
527 499 631 560 regi
655 499 956 560 ducibusque
981 515 1038 545 ea
1064 500 1190 544 mira
1215 500 1372 545 videri

213 578 465 637 Ausoniis,
491 578 642 624 donec
668 594 832 624 versas
856 578 919 623 ad
945 578 1093 623 litora
1119 580 1297 640 puppis

213 654 518 716 Respiciunt,
543 660 805 717 totumque
829 656 997 701 adlabi
1021 656 1257 702 classibus
1281 673 1478 718 aequor.

209 730 372 777 Ardet
395 747 523 793 apex
545 732 713 794 capiti,
738 732 995 794 cristisque
1019 749 1049 777 a
1074 734 1257 779 vertice
1283 735 1483 779 flamma

211 807 477 866 Funditur,
502 815 553 855 et
578 814 744 855 vastos
768 810 916 854 umbo
941 811 1096 855 vomit
1121 826 1302 856 aureus
1327 812 1456 872 ignis
1479 828 1487 857 ε

210 885 326 930 Non
351 900 488 931 secus
510 901 568 931 ac
592 885 781 947 liquida
806 886 847 931 si
871 887 1068 947 quando
1094 892 1235 932 nocte
1259 893 1480 934 cometae

209 962 481 1023 Sanguinei
505 963 714 1025 lugubre
738 963 934 1021 rubent,
960 968 1051 1008 aut
1077 963 1234 1010 Sirius
1259 965 1421 1022 ardor,

208 1038 302 1084 Ille
325 1039 459 1084 sitim
485 1040 774 1101 morbosque
798 1039 962 1085 ferens
987 1041 1280 1086 mortalibus
1305 1041 1466 1102 aegris

208 1114 462 1174 Nascitur,
490 1121 540 1162 et
575 1117 715 1162 laevo
739 1117 1006 1162 contristat
1030 1117 1217 1164 lumine
1242 1118 1446 1165 caelum.

275 1192 431 1237 Haud
457 1199 627 1239 tamen
650 1193 827 1239 audaci
852 1193 1020 1239 Turno
1044 1194 1225 1240 fiducia
1250 1196 1395 1241 cessit

208 1269 381 1314 Litora
405 1270 700 1331 praecipere,
726 1274 777 1315 et
802 1269 1048 1315 venientis
1073 1271 1253 1331 pellere
1277 1276 1427 1317 terra.

206 1345 359 1392 Ultro
382 1347 574 1392 animos
597 1346 730 1392 tollit
757 1346 913 1403 dictis,
941 1351 1094 1408 atque
1118 1348 1343 1409 increpat
1371 1348 1505 1394 ultro
1528 1366 1536 1395 :

205 1421 346 1477 Quod
371 1423 498 1469 votis
522 1423 746 1484 optastis,
773 1423 928 1481 adest,
955 1424 1263 1486 perfringere
1289 1426 1480 1471 dextra.

206 1500 271 1546 In
296 1500 526 1547 manibus
552 1501 693 1546 Mars
719 1500 820 1562 ipse
845 1501 978 1547 viris.
1049 1501 1199 1548 Nunc
1224 1503 1446 1565 coniugis
1470 1509 1573 1549 esto

206 1577 421 1638 Quisque
446 1594 564 1624 suae
588 1579 804 1639 tectique
829 1594 1014 1624 memor
1032 1596 1045 1637 3
1082 1595 1214 1625 nunc
1240 1597 1424 1641 magua
1450 1582 1635 1626 referto

205 1655 375 1712 Facta,
402 1660 605 1716 patrum
628 1655 813 1702 laudes.
886 1655 1037 1702 Ultro
1063 1673 1379 1702 occurramus
1404 1657 1469 1702 ad
1494 1658 1696 1716 undam,

206 1731 341 1776 Dum
364 1731 559 1793 trepidi,
585 1732 885 1794 egressisque
909 1733 1086 1778 labant
1111 1734 1319 1794 vestigia
1345 1735 1522 1795 prima.

204 1807 454 1853 Audentis
478 1808 703 1854 Fortuna
727 1809 888 1855 iuvat.

205 1884 345 1929 Haec
370 1884 457 1942 ait,
483 1889 532 1931 et
556 1901 720 1930 secum
744 1890 925 1943 versat,
953 1902 1074 1947 quos
1099 1886 1273 1932 ducere
1298 1893 1488 1946 contra,

202 1959 300 2006 Vel
324 1960 502 2021 quibus
525 1961 740 2007 obsessos
764 1962 916 2022 possit
940 1963 1229 2009 concredere
1255 1980 1437 2011 muros.

269 2037 472 2082 Interea
497 2038 694 2083 Aeneas
718 2038 868 2083 socios
893 2038 952 2084 de
977 2040 1224 2100 puppibus
1249 2040 1368 2085 altis

201 2113 444 2160 Pontibus
467 2115 683 2176 exponit.
757 2115 913 2162 Multi
937 2133 1136 2163 servare
1163 2134 1390 2163 recursus

203 2189 513 2252 Languentis
537 2191 713 2253 pelagi,
739 2197 789 2238 et
813 2192 1045 2238 brevibus
1069 2210 1118 2239 se
1143 2194 1340 2240 credere
1366 2195 1498 2240 saltu
1518 2212 1531 2254 3

201 2267 300 2314 Per
323 2285 482 2315 remos
506 2270 607 2316 alii.
682 2270 976 2331 Speculatus
999 2272 1147 2317 litora
1175 2272 1416 2330 Tarchon,

201 2346 312 2401 Qua
338 2346 465 2392 vada
490 2363 590 2392 non
614 2347 823 2407 spirant,
851 2363 939 2392 nec
963 2347 1128 2392 fracta
1154 2353 1492 2394 remurmurat
1519 2349 1669 2408 unda,

203 2422 298 2468 Sed
322 2439 461 2468 mare
483 2424 774 2469 inoffensum
800 2424 1037 2470 crescenti
1063 2425 1317 2470 adlabitur
1341 2432 1481 2471 aestu
1501 2443 1514 2485 3

207 2499 448 2545 Advertit
472 2501 635 2546 subito
659 2517 846 2562 proras,
873 2503 1119 2563 sociosque
1144 2508 1378 2564 precatur
1401 2521 1410 2549 ε

200 2575 365 2633 Nune,
391 2592 418 2621 o
443 2576 570 2622 lecta
595 2593 787 2635 manus,
813 2578 987 2623 validis
1010 2578 1282 2624 incumbite
1307 2580 1456 2625 remis
1475 2597 1487 2638 3

201 2652 392 2710 Tollite,
418 2652 546 2698 ferte
571 2658 732 2712 rates3
769 2654 1020 2699 inimicam
1045 2655 1218 2701 findite
1242 2657 1414 2702 rostris

203 2728 351 2774 Hanc
376 2732 578 2786 terram,
604 2729 895 2791 sulcumque
920 2730 1010 2776 sibi
1034 2738 1230 2792 premat
1256 2732 1361 2792 ipsa
1387 2733 1575 2778 carina.

203 2804 454 2865 Frangere
478 2821 567 2851 nec
590 2806 685 2850 tali
709 2807 915 2868 puppim
939 2808 1154 2853 statione
1179 2824 1362 2863 recuso,

201 2881 428 2942 Adrepta
452 2881 629 2927 tellure
654 2883 816 2929 semel.
887 2883 1026 2939 Quae
1050 2884 1176 2929 talia
1200 2890 1466 2946 postquam

202 2956 398 3003 Effatus
422 2956 662 3015 Tarchon,
687 2958 802 3004 socii
825 2974 1119 3020 consurgere
1143 2959 1313 3017 tonsis,

1789 348 1878 406 265

1788 751 1881 796 270

1782 1135 1873 1182 275

1781 1508 1874 1553 280

1779 1893 1869 1952 285

1775 2293 1868 2338 290

1772 2673 1862 2721 295
