2138 3241
218 168 279 213 22
959 177 1157 209 VERGIL.

219 295 401 342 Graius
424 294 584 352 homo,
610 292 819 339 infectos
841 292 1073 353 linquens
1095 290 1335 352 profugus
1359 289 1659 350 hymenaeos
1679 304 1688 335 ε
1796 301 1891 348 720

218 373 373 417 Hunc
397 371 483 417 ubi
507 370 798 416 miscentem
821 368 966 430 longe
990 367 1150 414 media
1173 366 1377 428 agmina
1401 365 1543 423 vidit,

218 449 536 509 Purpureum
561 446 736 508 pennis
760 450 812 492 et
835 449 1013 507 pactae
1036 444 1257 505 coniugis
1280 447 1414 489 ostro
1436 461 1445 490 ε

215 528 458 587 Inpastus
481 524 680 570 stabula
705 523 811 568 alta
834 523 910 567 leo
933 537 1022 567 ceu
1046 537 1191 582 saepe
1215 535 1503 582 peragrans,

216 603 426 667 (Suadet
450 603 584 648 enim
607 617 792 646 vesana
816 597 996 661 fames)
1022 598 1062 644 si
1086 598 1216 644 forte
1240 597 1472 659 fugacem

215 679 480 741 Conspexit
505 694 750 740 capream,
776 682 866 722 aut
892 679 1178 737 surgentem
1200 675 1254 720 in
1277 690 1462 720 cornua
1486 688 1703 731 cervum,
1799 686 1890 734 725

219 756 432 814 Gaudet,
458 754 604 800 hians
627 755 844 811 inmane,
870 767 1131 813 comasque
1155 751 1365 808 adrexit,
1391 754 1442 796 et
1466 749 1641 795 haeret

214 833 501 879 Visceribus
525 848 672 894 super
695 830 986 877 incumbens
1002 845 1015 887 3
1051 830 1178 875 lavit
1201 827 1412 889 inproba
1434 831 1599 873 taeter

217 911 319 957 Ora
342 926 488 956 cruor
511 927 519 956 :

217 988 296 1034 Sic
320 987 425 1033 ruit
448 987 502 1032 in
525 986 698 1032 densos
722 985 886 1032 alacer
911 984 1191 1033 Mezentius
1213 982 1383 1029 hostis,

218 1065 473 1112 Sternitur
495 1063 673 1109 infelix
696 1063 879 1121 Acron,
905 1068 955 1109 et
979 1062 1197 1108 calcibus
1221 1063 1390 1104 atram
1800 1072 1893 1117 730

215 1142 402 1188 Tundit
425 1141 636 1186 humum
660 1140 931 1201 exspirans,
958 1140 1276 1199 infractaque
1299 1136 1401 1182 tela
1426 1139 1671 1181 cruentat.

214 1221 386 1281 Atque
409 1218 539 1264 idem
563 1218 839 1279 fugientem
863 1218 998 1264 haud
1024 1222 1098 1264 est
1123 1216 1360 1278 dignatus
1385 1213 1582 1259 Oroden

216 1298 463 1353 Sternere,
489 1311 579 1341 nec
602 1295 736 1340 iacta
761 1311 960 1341 caecum
984 1295 1102 1340 dare
1125 1291 1323 1353 cuspide
1347 1290 1525 1336 volnus
1547 1307 1556 1336 z

217 1372 405 1420 Obvius
429 1372 731 1432 adversoque
755 1372 983 1429 occurrit,
1010 1386 1157 1433 seque
1181 1370 1288 1415 w'ro
1312 1368 1388 1413 vir

216 1450 458 1507 Contulit,
484 1449 622 1494 haud
646 1447 784 1494 furto
809 1449 993 1506 melior,
1021 1448 1105 1494 sed
1129 1446 1343 1492 fortibus
1368 1445 1533 1491 armis.
1799 1457 1889 1506 735

215 1529 343 1573 Tum
367 1543 514 1588 super
538 1526 788 1572 abiectum
813 1527 971 1588 posito
996 1525 1118 1587 pede
1141 1525 1287 1570 nixus
1311 1527 1362 1569 et
1386 1523 1535 1568 hasta
1557 1540 1566 1570 :

215 1605 341 1651 Pars
365 1604 480 1650 belli
505 1603 641 1648 haud
665 1604 951 1661 temnenda,
976 1603 1087 1661 viri,
1112 1602 1242 1647 iacet
1265 1600 1401 1646 altus
1425 1599 1623 1645 Orodes.

216 1682 543 1728 Conclamant
567 1680 682 1726 socii
705 1681 897 1726 laetum
921 1696 1115 1742 paeana
1139 1678 1308 1725 secuti.

215 1760 310 1805 Ille
335 1763 506 1805 autem
530 1758 763 1820 expirans
785 1775 793 1804 :
832 1757 950 1803 Non
975 1773 1065 1815 me,
1094 1756 1391 1819 quicumque
1415 1770 1480 1812 es,
1512 1753 1689 1811 inulto,

214 1835 406 1892 Victor,
432 1851 521 1881 nec
546 1834 751 1896 longum
774 1834 1027 1880 laetabere
1049 1851 1057 1880 :
1095 1838 1146 1879 te
1171 1847 1364 1894 quoque
1388 1830 1499 1876 fata
1799 1845 1893 1890 740

217 1913 545 1973 Prospectant
570 1914 730 1972 paria,
757 1916 910 1973 atque
934 1911 1107 1957 eadem
1131 1925 1245 1955 mox
1270 1924 1393 1953 arva
1417 1907 1622 1953 tenebis.

215 1990 300 2035 Ad
324 2006 471 2051 quem
495 1989 752 2035 subridens
787 1990 946 2034 mixta
973 1989 1253 2035 Mezentius
1275 1989 1351 2031 ira
1372 2003 1380 2032 ε

215 2066 366 2113 Nunc
390 2082 605 2112 morere:
644 2072 723 2112 ast
748 2066 806 2111 de
830 2081 909 2111 me
933 2066 1099 2111 divom
1121 2069 1266 2126 pater
1289 2067 1443 2125 atque
1467 2063 1727 2107 hominum
1749 2078 1840 2108 rex

218 2143 430 2189 Viderit.
503 2144 614 2189 Hoc
639 2143 803 2189 dicens
826 2143 999 2189 eduxit
1023 2157 1225 2202 corpore
1250 2141 1419 2187 telum.

216 2221 315 2267 Olli
339 2220 464 2265 dura
490 2221 627 2281 quies
650 2220 812 2265 oculos
837 2225 888 2266 et
912 2221 1104 2266 ferreus
1127 2223 1308 2280 urguet
1800 2232 1889 2280 745

218 2298 429 2344 Somnus
451 2314 459 2342 :
497 2297 550 2342 in
574 2301 833 2342 aeternam
858 2297 1163 2342 clauduntur
1186 2295 1378 2341 lumina
1402 2298 1609 2340 noctem.

218 2374 455 2420 Caedicus
479 2374 787 2419 Alcathoum
811 2375 1095 2432 obtruncat,
1123 2374 1357 2419 Sacrator
1383 2371 1660 2433 Hydaspen
1678 2387 1692 2429 3

216 2450 648 2511 Partheniumque
673 2450 816 2511 Rapo
842 2455 892 2495 et
917 2450 1221 2512 praedurum
1244 2449 1435 2495 viribus
1460 2447 1619 2494 Orsen
1640 2465 1649 2494 z

218 2527 479 2587 Messapus
503 2526 829 2587 Cloniumque
855 2526 1260 2587 Lycaoniumque
1285 2525 1544 2583 Ericeten3

217 2605 372 2650 Illum
395 2602 606 2649 infrenis
630 2603 743 2664 equi
766 2603 911 2664 lapsu
935 2603 1114 2649 tellure
1137 2604 1399 2660 iacentem,
1800 2616 1894 2664 750

218 2684 371 2729 Hunc
394 2682 611 2744 peditem
635 2682 793 2743 pedes.
867 2682 935 2728 Et
961 2682 1140 2743 Lycius
1162 2685 1466 2743 processerat
1500 2681 1626 2742 Agis
1648 2700 1657 2728 z

218 2761 376 2816 Quem
400 2764 571 2805 tamen
595 2759 729 2804 haud
753 2775 927 2820 expers
951 2759 1169 2804 Valerus
1192 2757 1398 2804 virtutis
1422 2758 1590 2803 avitae

220 2837 413 2895 Deicit3
450 2840 506 2881 at
530 2836 807 2882 Thronium
834 2836 1009 2893 Salius,
1040 2835 1327 2896 Saliumque
1351 2834 1577 2893 Nealces,

220 2914 440 2975 Insignis
464 2913 625 2958 iaculo
650 2918 700 2958 et
724 2912 869 2974 longe
893 2912 1102 2958 fallente
1127 2912 1329 2974 sagitta.
