2138 3241
230 198 293 243 20
963 205 1162 237 VERGIL.

227 326 340 372 Hac
365 325 566 370 dabitur
590 324 765 369 dextra
790 321 937 367 tellus
960 321 1185 382 quaesita
1208 336 1295 382 per
1318 319 1490 365 undas.
1803 319 1830 362 6
1836 333 1897 378 50

227 401 368 447 Talia
393 399 670 447 vociferans
693 397 930 460 sequitur,
956 397 1282 458 strictumque
1307 398 1531 441 coruscat

228 477 518 523 Mucronem
538 494 550 536 3
587 492 676 522 nec
700 476 831 520 ferre
855 473 990 519 videt
1014 489 1103 518 sua
1129 474 1310 534 gaudia
1334 477 1520 517 ventos.

227 555 376 600 Forte
400 554 525 599 ratis
549 553 662 599 celsi
686 553 949 597 coniuncta
974 550 1224 610 crepidine
1250 549 1355 595 saxi

228 630 480 692 Expositis
503 630 672 675 stabat
696 627 852 685 scaliS,
878 632 927 672 et
951 631 1102 687 ponte
1125 630 1319 687 parato,

226 709 337 763 Qua
361 724 450 753 rex
475 706 690 753 Clusinis
715 705 949 750 advectus
975 703 1173 750 Osinius
1196 703 1306 748 oris.
1805 705 1862 763 65
1872 716 1896 763 5

227 786 344 831 Huc
369 800 470 830 sese
494 783 689 843 trepida
712 782 915 827 Aeneae
939 779 1178 841 fugientis
1200 780 1364 840 imago

204 878 208 879 ⁷
227 862 419 909 Conicit
442 863 495 907 in
519 861 765 918 latebras,
802 874 893 904 nec
917 859 1115 903 Turnus
1139 857 1333 918 segnior
1357 856 1530 912 instat,

226 941 606 1000 Exsuperatque
630 952 809 993 moras,
835 940 886 980 et
909 934 1077 996 pontis
1107 934 1330 979 transilit
1354 933 1497 978 altos.

226 1016 331 1062 Vix
355 1031 554 1077 proram
579 1014 824 1074 attigerat
846 1029 854 1058 :
892 1011 1083 1072 rumpit
1111 1010 1349 1056 Saturnia
1375 1010 1564 1067 funem,

226 1093 562 1154 Avolsamque
585 1091 721 1152 rapit
744 1089 971 1135 revoluta
996 1103 1083 1149 per
1107 1103 1320 1149 aequora
1346 1102 1540 1132 navem.
1805 1089 1901 1133 660

226 1171 380 1217 Illum
405 1174 574 1215 autem
599 1169 798 1213 Aeneas
823 1167 1077 1212 absentem
1102 1164 1155 1209 in
1178 1164 1366 1225 proelia
1391 1164 1545 1225 poscit
1564 1180 1577 1222 3

226 1248 385 1295 Obvia
409 1247 571 1292 multa
597 1246 760 1290 virum
787 1243 1010 1289 demittit
1036 1258 1240 1303 corpora
1265 1241 1430 1287 morti.

225 1327 351 1371 Tum
375 1324 496 1370 levis
519 1322 655 1368 haud
678 1322 814 1367 ultra
840 1320 1061 1366 latebras
1085 1318 1186 1363 iam
1211 1319 1409 1380 quaerit
1433 1317 1599 1380 imago
1618 1334 1632 1377 3

228 1402 322 1448 Sed
346 1402 554 1448 sublime
580 1400 750 1446 volans
775 1398 895 1444 nubi
920 1413 970 1443 se
993 1397 1244 1442 inmiscuit
1267 1401 1409 1441 atrae
1432 1414 1440 1442 :

228 1481 353 1527 Cum
377 1480 603 1525 Turnum
627 1476 785 1522 medio
808 1476 999 1521 interea
1023 1474 1124 1520 fert
1148 1489 1360 1535 aequore
1383 1473 1545 1519 turbo.
1807 1476 1868 1520 66
1875 1488 1899 1536 5

226 1557 448 1619 Respicit
472 1556 678 1618 ignarus
701 1569 869 1600 rerum
892 1553 1218 1614 ingratusque
1241 1551 1434 1609 salutis,

227 1636 295 1681 Et
322 1634 526 1696 duplicis
550 1649 662 1678 cum
686 1647 801 1677 voce
825 1645 1004 1675 manus
1027 1629 1089 1674 ad
1112 1629 1271 1675 sidera
1295 1629 1458 1674 tendit
1481 1646 1489 1675 :

226 1712 551 1774 Omnipotens
574 1710 783 1772 genitor,
808 1705 1004 1754 tanton'
1030 1722 1107 1752 me
1131 1707 1336 1752 crimine
1363 1707 1568 1768 dignum

229 1788 446 1846 Duxisti,
476 1793 526 1833 et
550 1787 664 1832 talis
688 1785 893 1832 voluisti
917 1783 1188 1845 expendere
1212 1785 1429 1845 poenas?

227 1867 335 1921 Quo
359 1866 527 1911 feror?
561 1864 693 1909 unde
717 1862 850 1908 abii?
887 1877 1013 1922 quae
1037 1876 1115 1906 me
1138 1860 1275 1922 fuga,
1301 1876 1509 1922 quemve
1533 1860 1768 1907 reducet‘.2

228 1942 561 1989 Laurentisne
586 1942 769 1986 iterum
794 1955 961 1984 muros
985 1943 1074 1983 aut
1109 1943 1275 1984 castra
1300 1938 1509 1985 videbo?
1807 1941 1865 1998 67
1883 1956 1898 1985 t

228 2021 358 2077 Quid
382 2036 563 2066 manus
586 2019 673 2064 illa
697 2017 877 2073 virum,
905 2016 990 2077 qui
1012 2031 1091 2061 me
1115 2031 1325 2077 meaque
1349 2032 1488 2061 arma
1513 2015 1701 2061 secuti?

228 2099 424 2153 Quosne
450 2096 634 2160 (nefas)
659 2095 818 2142 omnis
842 2093 1049 2139 infanda
1074 2098 1231 2139 morte
1255 2093 1447 2154 reliqui,

229 2177 296 2221 Et
321 2192 453 2221 nunc
477 2174 696 2235 palantis
719 2173 874 2227 video,
900 2172 1240 2233 gemitumque
1263 2172 1533 2217 cadentum

226 2253 464 2314 Accipio?
502 2251 631 2307 Quid
655 2252 781 2312 ago?
819 2254 910 2294 aut
935 2265 1063 2310 quae
1086 2250 1185 2294 iam
1210 2249 1329 2294 satis
1354 2249 1454 2294 ima
1479 2249 1702 2296 dehiscat

227 2331 381 2376 Terra
405 2329 558 2375 mihi?
622 2329 722 2374 Vos
747 2344 774 2372 o
798 2327 963 2389 potius
987 2326 1299 2383 miserescite,
1326 2326 1464 2372 venti
1488 2330 1497 2373 l
1807 2331 1902 2388 676

228 2408 293 2453 In
318 2422 479 2468 rupes,
504 2406 557 2450 in
581 2420 702 2450 saxa
730 2402 919 2466 (volens
942 2419 1027 2448 vos
1052 2403 1249 2448 Turnus
1274 2402 1444 2466 adoro)

229 2485 376 2530 Ferte
400 2488 578 2540 ratem,
605 2481 859 2542 saevisque
884 2480 1022 2525 vadis
1045 2480 1291 2526 inmittite
1321 2480 1498 2541 Syrtis,

229 2563 336 2617 Quo
361 2576 518 2621 neque
542 2575 620 2604 me
646 2558 840 2614 Rutuli,
867 2573 955 2602 nec
981 2558 1172 2603 conscia
1196 2557 1331 2602 fama
1356 2563 1608 2619 sequatur.

228 2640 370 2685 Haec
395 2653 687 2694 memorans,
716 2635 882 2680 animo
907 2650 1041 2679 nunc
1064 2635 1175 2692 huc,
1202 2651 1334 2680 nunc
1360 2637 1572 2681 fluctuat
1597 2635 1728 2693 illuc,
1808 2639 1903 2684 680

228 2718 315 2762 An
339 2731 441 2762 sese
465 2728 697 2759 mucrone
722 2713 783 2758 ob
806 2716 1012 2757 tantum
1035 2711 1242 2757 dedecus
1265 2728 1434 2758 amens

227 2793 433 2850 Induat,
459 2795 510 2837 et
533 2790 740 2837 crudum
765 2805 853 2851 per
876 2793 1037 2835 costas
1061 2788 1230 2851 exigat
1265 2805 1431 2836 ensem
1452 2807 1465 2849 3

229 2871 487 2918 Fluctibus
510 2886 577 2915 an
600 2868 752 2915 iaciat
776 2867 961 2924 mediis,
989 2872 1038 2912 et
1062 2867 1210 2912 litora
1235 2867 1401 2913 nando

231 2948 397 2994 Curva
419 2952 576 3008 petat,
602 2946 942 3005 Teucrumque
965 2945 1147 2989 iterum
1171 2959 1221 2989 se
1245 2944 1423 2989 reddat
1446 2944 1499 2990 in
1523 2960 1677 2991 arma.
