2138 3241
910 200 1097 231 AENEID
1133 200 1177 231 X.

207 313 473 375 Ingentem
496 314 643 359 remis
672 313 985 359 Centaurum
1009 320 1263 374 promovet
1285 331 1297 372 ;
1334 314 1415 360 ille

205 391 375 436 Instat
399 406 568 452 aquae,
594 406 867 452 saxumque
891 391 1037 436 undis
1060 391 1261 436 inmane
1287 392 1511 436 minatur

205 465 417 524 Arduos,
443 471 494 513 et
517 467 664 527 longa
687 467 847 512 sulcat
873 467 1032 512 maria
1057 468 1163 512 alta
1189 468 1376 513 carina.

270 543 364 588 Ille
387 543 539 588 etiam
562 543 737 604 patriis
760 559 935 603 agmen
961 543 1055 589 ciet
1080 543 1244 589 Ocnus
1269 544 1332 589 ab
1356 544 1467 601 oris,

203 619 455 666 Fatidicae
480 618 689 665 Mantus
712 625 762 665 et
788 620 931 665 Tusci
955 620 1085 665 filius
1109 621 1285 677 amnis,

202 695 300 751 Qui
323 711 488 741 muros
513 696 781 756 matrisque
805 696 938 741 dedit
961 696 1068 753 tibi,
1096 697 1326 752 Mantua,
1353 712 1546 753 nomen,

204 770 437 829 Mantua,
465 772 598 818 dives
621 772 727 817 avis
746 789 758 830 ;
796 772 878 818 sed
904 789 1002 818 non
1027 788 1182 833 genus
1206 773 1434 818 omnibus
1459 789 1616 818 unum
1641 790 1650 819 :

203 847 336 893 Gens
357 847 431 892 illi
453 848 652 909 triplex,
677 848 845 909 populi
868 849 960 893 sub
984 854 1131 909 gente
1157 849 1390 910 quaterni
1409 865 1422 906 3

204 924 323 985 Ipsa
345 928 498 985 caput
521 924 712 985 populis
732 941 744 982 3
782 924 937 970 Tusco
962 924 1020 970 de
1044 925 1283 985 sanguine
1307 924 1450 970 vireS.

205 1000 340 1046 Hinc
364 1017 556 1062 quoque
580 1001 876 1063 quingentos
899 1003 952 1046 in
976 1018 1026 1048 se
1051 1001 1328 1047 Mezentius
1352 1006 1534 1059 armat,

203 1077 335 1133 Quos
358 1082 500 1139 patre
525 1078 719 1123 Benaco
743 1079 937 1124 velatus
962 1079 1205 1125 arundine
1229 1079 1407 1140 glauca

204 1152 423 1199 Mincius
445 1150 627 1199 infesta
652 1153 863 1200 ducebat
886 1155 939 1199 in
963 1171 1178 1216 aequora
1203 1156 1338 1216 pinu.

204 1229 258 1274 It
281 1230 446 1290 gravis
468 1230 715 1287 Aulestes,
741 1237 1046 1292 centenaque
1071 1232 1245 1276 arbore
1270 1231 1479 1276 fluctum

205 1305 456 1352 Verberat
480 1306 778 1367 adsurgens,
814 1312 1053 1368 spumant
1078 1307 1206 1352 vada
1231 1322 1476 1352 marmore
1500 1323 1654 1353 verso.

206 1382 359 1428 Hunc
381 1381 520 1428 vehit
541 1382 757 1428 inmanis
782 1383 956 1428 Triton
980 1388 1029 1428 et
1053 1382 1250 1429 caerula
1274 1383 1458 1428 concha

207 1458 479 1504 Exterrens
503 1458 636 1504 freta
657 1476 666 1505 ε
703 1459 782 1504 cui
806 1459 1022 1504 laterum
1047 1464 1193 1505 tenus
1218 1460 1410 1521 hispida
1434 1460 1581 1504 nanti
1645 1507 1656 1516 ‚

205 1536 363 1582 Frons
385 1535 634 1581 hominem
656 1536 892 1597 praefert,
918 1536 971 1580 in
994 1536 1191 1597 pristim
1217 1536 1396 1582 desinit
1420 1537 1555 1582 alvos
1569 1554 1582 1595 ,-
1641 1553 1646 1556 ·

209 1613 422 1674 Spumea
444 1613 673 1659 semifero
695 1614 787 1659 sub
811 1618 1007 1674 pectore
1031 1619 1316 1659 murmurat
1341 1614 1488 1659 unda.

206 1690 300 1735 Tot
323 1689 439 1736 lecti
461 1705 684 1751 proceres
707 1695 786 1735 ter
811 1689 948 1735 denis
972 1690 1182 1735 navibus
1206 1690 1351 1735 ibant

210 1766 435 1813 Subsidio
458 1767 647 1824 Troiae,
672 1772 723 1813 et
747 1783 944 1829 campos
970 1767 1085 1813 salis
1108 1783 1219 1813 aere
1243 1767 1491 1813 secabant.

274 1844 483 1906 Iamque
507 1844 607 1890 dies
630 1845 763 1891 caelo
787 1850 1105 1902 concesserat,
1133 1844 1363 1905 almaque
1387 1859 1537 1889 curru

207 1920 484 1982 Noctivago
509 1921 704 1967 Phoebe
730 1921 946 1967 medium
970 1921 1202 1982 pulsabat
1228 1920 1496 1981 Olympum
1519 1938 1527 1966 :

206 1997 405 2044 Aeneas
431 1998 611 2060 (neque
633 1998 765 2044 enim
789 1998 1022 2043 membris
1047 1997 1134 2043 dat
1159 2013 1278 2042 cura
1303 1997 1538 2058 quietem)

208 2075 322 2136 Ipse
346 2074 517 2120 sedens
541 2075 827 2137 clavomque
851 2075 980 2136 regit
1004 2074 1219 2136 velisque
1243 2075 1514 2120 ministrat.

207 2151 382 2212 Atque
405 2151 479 2196 illi
502 2151 660 2197 medio
683 2151 737 2196 in
761 2152 921 2212 spatio
945 2151 1136 2208 chorus,
1162 2167 1284 2206 ecce,
1310 2166 1516 2195 suarum

209 2227 436 2274 Occurrit
458 2229 694 2274 comitum
709 2245 722 2287 3
758 2228 1039 2289 Nymphae,
1065 2243 1189 2289 quas
1213 2227 1348 2272 alma
1374 2227 1569 2287 Cybebe

209 2304 413 2351 Numen
435 2305 618 2351 habere
642 2306 794 2351 maris
817 2305 1177 2366 Nymphasque
1201 2320 1226 2350 e
1250 2304 1462 2349 navibus
1485 2319 1587 2350 esse

211 2382 446 2439 Iusserat,
471 2381 717 2427 innabant
740 2382 943 2443 pariter,
970 2382 1248 2442 fluctusque
1272 2381 1523 2438 secabant,

210 2458 342 2514 Quot
365 2458 503 2520 prius
526 2464 726 2504 aeratae
750 2463 997 2504 steterant
1021 2458 1083 2503 ad
1108 2458 1258 2503 litora
1282 2473 1475 2519 prorae.

212 2536 537 2597 Adgnoscunt
560 2535 702 2596 longe
726 2551 905 2596 regem,
931 2535 1248 2596 lustrantque
1272 2534 1472 2580 choreis.

212 2613 438 2669 Quarum
461 2627 589 2673 quae
612 2611 753 2657 fandi
776 2612 1071 2667 doctissima,
1099 2610 1417 2671 Cymodocea,

213 2689 348 2734 Pone
371 2703 578 2749 sequens
603 2687 780 2732 dextra
805 2688 1010 2748 puppim
1034 2691 1188 2743 tenet,
1215 2686 1420 2747 ipsaque
1446 2686 1587 2732 dorso

214 2765 430 2822 Eminet,
455 2780 512 2809 ac
534 2765 677 2810 laeva
701 2765 869 2809 tacitis
892 2764 1198 2824 subremigat
1222 2764 1386 2809 undis.

214 2843 342 2888 Tum
364 2841 431 2886 sic
455 2841 688 2902 ignarum
711 2841 997 2902 adloquitur
1018 2859 1027 2888 ε
1069 2841 1343 2902 Vigilasne,
1371 2841 1517 2887 deum
1542 2857 1675 2902 gens,

214 2919 422 2965 Aenea?
490 2917 676 2980 Vigila,
701 2922 752 2963 et
776 2918 896 2963 velis
918 2917 1118 2963 inmitte
1142 2917 1379 2963 rudentis.

1782 331 1867 376 195

1775 715 1869 745 200

1772 1094 1859 1141 205

1779 1480 1872 1509 210

1782 2247 1876 2277 220

1785 2626 1874 2673 225
