<?xml version="1.0" encoding="UTF-8"?>
<!DOCTYPE html PUBLIC "-//W3C//DTD XHTML 1.0 Transitional//EN"
    "http://www.w3.org/TR/xhtml1/DTD/xhtml1-transitional.dtd">
<html xmlns="http://www.w3.org/1999/xhtml" xml:lang="en" lang="en">
 <head>
  <title>
</title>
<meta http-equiv="Content-Type" content="text/html;charset=utf-8" />
  <meta name='ocr-system' content='tesseract 3.04.00' />
  <meta name='ocr-capabilities' content='ocr_page ocr_carea ocr_par ocr_line ocrx_word'/>
</head>
<body>
  <div class='ocr_page' id='page_1' title='image "aeneidx00virguoft_0035.png"; bbox 0 0 2138 3241; ppageno 0'>
   <div class='ocr_carea' id='block_1_1' title="bbox 885 205 1153 240">
    <p class='ocr_par' dir='ltr' id='par_1_1' title="bbox 885 205 1153 240">
     <span class='ocr_line' id='line_1_1' title="bbox 885 205 1153 240; baseline 0 -1"><span class='ocrx_word' id='word_1_1' title='bbox 885 205 1074 239; x_wconf 87' lang='lat' dir='ltr'>AENEID</span> <span class='ocrx_word' id='word_1_2' title='bbox 1109 206 1153 240; x_wconf 80' lang='lat' dir='ltr'>X.</span> 
     </span>
    </p>
   </div>
   <div class='ocr_carea' id='block_1_2' title="bbox 120 320 1598 1382">
    <p class='ocr_par' dir='ltr' id='par_1_2' title="bbox 183 320 1503 674">
     <span class='ocr_line' id='line_1_2' title="bbox 183 320 1500 383; baseline 0 -16"><span class='ocrx_word' id='word_1_3' title='bbox 183 320 350 367; x_wconf 82' lang='lat' dir='ltr'>Iliacis</span> <span class='ocrx_word' id='word_1_4' title='bbox 372 322 569 383; x_wconf 88' lang='lat' dir='ltr'>campis.</span> <span class='ocrx_word' id='word_1_5' title='bbox 642 322 767 367; x_wconf 86' lang='lat' dir='ltr'>Tum</span> <span class='ocrx_word' id='word_1_6' title='bbox 793 338 1026 382; x_wconf 83' lang='lat' dir='ltr'>magnam</span> <span class='ocrx_word' id='word_1_7' title='bbox 1050 323 1263 383; x_wconf 88' lang='lat' dir='ltr'>conripit</span> <span class='ocrx_word' id='word_1_8' title='bbox 1287 322 1500 380; x_wconf 89' lang='lat' dir='ltr'>hastam,</span> 
     </span>
     <span class='ocr_line' id='line_1_3' title="bbox 184 397 1449 459; baseline 0.002 -17"><span class='ocrx_word' id='word_1_9' title='bbox 184 397 254 442; x_wconf 91' lang='lat' dir='ltr'>Et</span> <span class='ocrx_word' id='word_1_10' title='bbox 276 397 392 443; x_wconf 86' lang='lat' dir='ltr'>iacit</span> <span class='ocrx_word' id='word_1_11' title='bbox 414 415 423 444; x_wconf 90' lang='lat'><strong>:</strong></span> <span class='ocrx_word' id='word_1_12' title='bbox 459 398 546 444; x_wconf 89' lang='lat' dir='ltr'>illa</span> <span class='ocrx_word' id='word_1_13' title='bbox 571 399 744 444; x_wconf 68' lang='lat' dir='ltr'>volans</span> <span class='ocrx_word' id='word_1_14' title='bbox 767 398 908 459; x_wconf 84' lang='lat' dir='ltr'>clipei</span> <span class='ocrx_word' id='word_1_15' title='bbox 933 399 1310 444; x_wconf 76' lang='lat' dir='ltr'>transverberat</span> <span class='ocrx_word' id='word_1_16' title='bbox 1334 414 1449 444; x_wconf 87' lang='lat' dir='ltr'>aera</span> 
     </span>
     <span class='ocr_line' id='line_1_4' title="bbox 185 473 1480 536; baseline 0.002 -17"><span class='ocrx_word' id='word_1_17' title='bbox 185 473 424 531; x_wconf 89' lang='lat' dir='ltr'>Maeonis,</span> <span class='ocrx_word' id='word_1_18' title='bbox 449 479 500 520; x_wconf 92' lang='lat' dir='ltr'>et</span> <span class='ocrx_word' id='word_1_19' title='bbox 522 475 728 520; x_wconf 89' lang='lat' dir='ltr'>thoraca</span> <span class='ocrx_word' id='word_1_20' title='bbox 752 475 899 520; x_wconf 89' lang='lat' dir='ltr'>simul</span> <span class='ocrx_word' id='word_1_21' title='bbox 923 491 1031 520; x_wconf 89' lang='lat' dir='ltr'>cum</span> <span class='ocrx_word' id='word_1_22' title='bbox 1058 480 1252 536; x_wconf 89' lang='lat' dir='ltr'>pectore</span> <span class='ocrx_word' id='word_1_23' title='bbox 1276 477 1480 536; x_wconf 88' lang='lat' dir='ltr'>rumpit.</span> 
     </span>
     <span class='ocr_line' id='line_1_5' title="bbox 185 551 1503 613; baseline 0.002 -18"><span class='ocrx_word' id='word_1_24' title='bbox 185 551 319 596; x_wconf 83' lang='lat' dir='ltr'>Huic</span> <span class='ocrx_word' id='word_1_25' title='bbox 342 551 502 596; x_wconf 84' lang='lat' dir='ltr'>frater</span> <span class='ocrx_word' id='word_1_26' title='bbox 525 551 660 596; x_wconf 92' lang='lat' dir='ltr'>subit</span> <span class='ocrx_word' id='word_1_27' title='bbox 683 551 916 608; x_wconf 80' lang='lat' dir='ltr'>Alcanor,</span> <span class='ocrx_word' id='word_1_28' title='bbox 942 551 1251 613; x_wconf 82' lang='lat' dir='ltr'>fratremque</span> <span class='ocrx_word' id='word_1_29' title='bbox 1274 557 1503 598; x_wconf 88' lang='lat' dir='ltr'>ruentem</span> 
     </span>
     <span class='ocr_line' id='line_1_6' title="bbox 185 627 1313 674; baseline 0 -1"><span class='ocrx_word' id='word_1_30' title='bbox 185 628 448 674; x_wconf 87' lang='lat' dir='ltr'>Sustentat</span> <span class='ocrx_word' id='word_1_31' title='bbox 473 627 676 673; x_wconf 79' lang='lat' dir='ltr'>dextra:</span> <span class='ocrx_word' id='word_1_32' title='bbox 716 628 928 673; x_wconf 87' lang='lat' dir='ltr'>traiecto</span> <span class='ocrx_word' id='word_1_33' title='bbox 953 628 1100 673; x_wconf 88' lang='lat' dir='ltr'>missa</span> <span class='ocrx_word' id='word_1_34' title='bbox 1126 628 1313 673; x_wconf 88' lang='lat' dir='ltr'>lacerto</span> 
     </span>
    </p>

    <p class='ocr_par' dir='ltr' id='par_1_3' title="bbox 183 704 1598 994">
     <span class='ocr_line' id='line_1_7' title="bbox 184 704 1565 765; baseline 0.001 -16"><span class='ocrx_word' id='word_1_35' title='bbox 184 704 420 750; x_wconf 73' lang='lat' dir='ltr'>Protinus</span> <span class='ocrx_word' id='word_1_36' title='bbox 443 704 590 750; x_wconf 90' lang='lat' dir='ltr'>hasta</span> <span class='ocrx_word' id='word_1_37' title='bbox 615 704 761 765; x_wconf 85' lang='lat' dir='ltr'>fugit,</span> <span class='ocrx_word' id='word_1_38' title='bbox 789 709 1053 765; x_wconf 71' lang='lat' dir='ltr'>servatque</span> <span class='ocrx_word' id='word_1_39' title='bbox 1078 710 1286 750; x_wconf 87' lang='lat' dir='ltr'>cruenta</span> <span class='ocrx_word' id='word_1_40' title='bbox 1314 709 1535 751; x_wconf 90' lang='lat' dir='ltr'>tenorem</span> <span class='ocrx_word' id='word_1_41' title='bbox 1553 721 1565 763; x_wconf 82' lang='lat'><em>3</em></span> 
     </span>
     <span class='ocr_line' id='line_1_8' title="bbox 184 780 1598 843; baseline 0.001 -17"><span class='ocrx_word' id='word_1_42' title='bbox 184 781 503 842; x_wconf 82' lang='lat' dir='ltr'>Dexteraque</span> <span class='ocrx_word' id='word_1_43' title='bbox 527 796 588 826; x_wconf 85' lang='lat' dir='ltr'>ex</span> <span class='ocrx_word' id='word_1_44' title='bbox 612 780 818 826; x_wconf 90' lang='lat' dir='ltr'>humero</span> <span class='ocrx_word' id='word_1_45' title='bbox 841 781 1006 826; x_wconf 74' lang='lat' dir='ltr'>nervis</span> <span class='ocrx_word' id='word_1_46' title='bbox 1031 781 1326 827; x_wconf 82' lang='lat' dir='ltr'>moribunda</span> <span class='ocrx_word' id='word_1_47' title='bbox 1352 782 1598 843; x_wconf 79' lang='lat' dir='ltr'>pependit.</span> 
     </span>
     <span class='ocr_line' id='line_1_9' title="bbox 183 856 1460 919; baseline 0.002 -18"><span class='ocrx_word' id='word_1_48' title='bbox 183 857 308 902; x_wconf 85' lang='lat' dir='ltr'>Tum</span> <span class='ocrx_word' id='word_1_49' title='bbox 332 857 584 914; x_wconf 84' lang='lat' dir='ltr'>Numitor,</span> <span class='ocrx_word' id='word_1_50' title='bbox 610 856 771 902; x_wconf 89' lang='lat' dir='ltr'>iaculo</span> <span class='ocrx_word' id='word_1_51' title='bbox 796 856 969 902; x_wconf 86' lang='lat' dir='ltr'>fratris</span> <span class='ocrx_word' id='word_1_52' title='bbox 994 857 1052 902; x_wconf 90' lang='lat' dir='ltr'>de</span> <span class='ocrx_word' id='word_1_53' title='bbox 1076 873 1275 919; x_wconf 87' lang='lat' dir='ltr'>corpore</span> <span class='ocrx_word' id='word_1_54' title='bbox 1299 863 1460 919; x_wconf 88' lang='lat' dir='ltr'>rapto,</span> 
     </span>
     <span class='ocr_line' id='line_1_10' title="bbox 183 933 1276 994; baseline 0 -15"><span class='ocrx_word' id='word_1_55' title='bbox 183 934 391 979; x_wconf 87' lang='lat' dir='ltr'>Aenean</span> <span class='ocrx_word' id='word_1_56' title='bbox 414 933 586 994; x_wconf 89' lang='lat' dir='ltr'>petiit:</span> <span class='ocrx_word' id='word_1_57' title='bbox 624 933 707 979; x_wconf 91' lang='lat' dir='ltr'>sed</span> <span class='ocrx_word' id='word_1_58' title='bbox 731 949 830 979; x_wconf 92' lang='lat' dir='ltr'>non</span> <span class='ocrx_word' id='word_1_59' title='bbox 855 938 905 978; x_wconf 87' lang='lat' dir='ltr'>et</span> <span class='ocrx_word' id='word_1_60' title='bbox 928 934 1078 994; x_wconf 85' lang='lat' dir='ltr'>figere</span> <span class='ocrx_word' id='word_1_61' title='bbox 1102 938 1276 979; x_wconf 87' lang='lat' dir='ltr'>contra</span> 
     </span>
    </p>

    <p class='ocr_par' dir='ltr' id='par_1_4' title="bbox 120 1010 1585 1382">
     <span class='ocr_line' id='line_1_11' title="bbox 183 1010 1568 1072; baseline 0.002 -17"><span class='ocrx_word' id='word_1_62' title='bbox 183 1010 276 1056; x_wconf 90' lang='lat' dir='ltr'>Est</span> <span class='ocrx_word' id='word_1_63' title='bbox 298 1010 506 1067; x_wconf 87' lang='lat' dir='ltr'>licitum,</span> <span class='ocrx_word' id='word_1_64' title='bbox 532 1011 798 1072; x_wconf 82' lang='lat' dir='ltr'>magnique</span> <span class='ocrx_word' id='word_1_65' title='bbox 823 1010 986 1056; x_wconf 83' lang='lat' dir='ltr'>femur</span> <span class='ocrx_word' id='word_1_66' title='bbox 1009 1011 1303 1071; x_wconf 81' lang='lat' dir='ltr'>perstrinxit</span> <span class='ocrx_word' id='word_1_67' title='bbox 1327 1012 1568 1058; x_wconf 81' lang='lat' dir='ltr'>Achatae.</span> 
     </span>
     <span class='ocr_line' id='line_1_12' title="bbox 182 1086 1464 1147; baseline 0.001 -15"><span class='ocrx_word' id='word_1_68' title='bbox 182 1087 282 1132; x_wconf 88' lang='lat' dir='ltr'>Hic</span> <span class='ocrx_word' id='word_1_69' title='bbox 306 1086 533 1144; x_wconf 80' lang='lat' dir='ltr'>Curibus,</span> <span class='ocrx_word' id='word_1_70' title='bbox 558 1086 714 1131; x_wconf 88' lang='lat' dir='ltr'>fidens</span> <span class='ocrx_word' id='word_1_71' title='bbox 737 1086 989 1147; x_wconf 85' lang='lat' dir='ltr'>primaevo</span> <span class='ocrx_word' id='word_1_72' title='bbox 1013 1102 1226 1147; x_wconf 87' lang='lat' dir='ltr'>corpore,</span> <span class='ocrx_word' id='word_1_73' title='bbox 1254 1087 1464 1133; x_wconf 88' lang='lat' dir='ltr'>Clausus</span> 
     </span>
     <span class='ocr_line' id='line_1_13' title="bbox 182 1166 1488 1228; baseline 0.001 -16"><span class='ocrx_word' id='word_1_74' title='bbox 182 1167 419 1224; x_wconf 84' lang='lat' dir='ltr'>Advenit,</span> <span class='ocrx_word' id='word_1_75' title='bbox 444 1172 495 1212; x_wconf 91' lang='lat' dir='ltr'>et</span> <span class='ocrx_word' id='word_1_76' title='bbox 518 1167 679 1228; x_wconf 86' lang='lat' dir='ltr'>rigida</span> <span class='ocrx_word' id='word_1_77' title='bbox 706 1167 956 1227; x_wconf 81' lang='lat' dir='ltr'>Dryopem</span> <span class='ocrx_word' id='word_1_78' title='bbox 983 1166 1101 1212; x_wconf 84' lang='lat' dir='ltr'>ferit</span> <span class='ocrx_word' id='word_1_79' title='bbox 1126 1167 1317 1212; x_wconf 83' lang='lat' dir='ltr'>eminus</span> <span class='ocrx_word' id='word_1_80' title='bbox 1341 1167 1488 1213; x_wconf 87' lang='lat' dir='ltr'>hasta</span> 
     </span>
     <span class='ocr_line' id='line_1_14' title="bbox 188 1243 1567 1305; baseline 0.001 -16"><span class='ocrx_word' id='word_1_81' title='bbox 188 1243 290 1289; x_wconf 86' lang='lat' dir='ltr'>Sub</span> <span class='ocrx_word' id='word_1_82' title='bbox 309 1248 534 1289; x_wconf 90' lang='lat' dir='ltr'>mentum</span> <span class='ocrx_word' id='word_1_83' title='bbox 559 1243 781 1304; x_wconf 71' lang='lat' dir='ltr'>graviter</span> <span class='ocrx_word' id='word_1_84' title='bbox 803 1258 983 1304; x_wconf 88' lang='lat' dir='ltr'>pressa,</span> <span class='ocrx_word' id='word_1_85' title='bbox 1011 1244 1296 1304; x_wconf 81' lang='lat' dir='ltr'>pariterque</span> <span class='ocrx_word' id='word_1_86' title='bbox 1321 1244 1567 1305; x_wconf 89' lang='lat' dir='ltr'>loquentis</span> 
     </span>
     <span class='ocr_line' id='line_1_15' title="bbox 120 1320 1585 1382; baseline 0.001 -17"><span class='ocrx_word' id='word_1_87' title='bbox 120 1355 122 1357; x_wconf 59' lang='grc'><em>»</em></span> <span class='ocrx_word' id='word_1_88' title='bbox 188 1320 377 1366; x_wconf 87' lang='lat' dir='ltr'>Vocem</span> <span class='ocrx_word' id='word_1_89' title='bbox 400 1320 714 1382; x_wconf 86' lang='lat' dir='ltr'>animamque</span> <span class='ocrx_word' id='word_1_90' title='bbox 737 1320 884 1381; x_wconf 84' lang='lat' dir='ltr'>rapit,</span> <span class='ocrx_word' id='word_1_91' title='bbox 911 1320 1122 1366; x_wconf 88' lang='lat' dir='ltr'>traiecto</span> <span class='ocrx_word' id='word_1_92' title='bbox 1146 1326 1353 1382; x_wconf 87' lang='lat' dir='ltr'>gutture</span> <span class='ocrx_word' id='word_1_93' title='bbox 1374 1338 1386 1379; x_wconf 79' lang='lat'><em>3</em></span> <span class='ocrx_word' id='word_1_94' title='bbox 1423 1326 1479 1367; x_wconf 91' lang='lat' dir='ltr'>at</span> <span class='ocrx_word' id='word_1_95' title='bbox 1502 1321 1585 1367; x_wconf 89' lang='lat' dir='ltr'>ille</span> 
     </span>
    </p>
   </div>
   <div class='ocr_carea' id='block_1_3' title="bbox 186 1396 1614 1454">
    <p class='ocr_par' dir='ltr' id='par_1_5' title="bbox 186 1396 1614 1454">
     <span class='ocr_line' id='line_1_16' title="bbox 186 1396 1614 1454; baseline 0 -11"><span class='ocrx_word' id='word_1_96' title='bbox 186 1397 371 1443; x_wconf 84' lang='lat' dir='ltr'>Fronte</span> <span class='ocrx_word' id='word_1_97' title='bbox 394 1396 513 1442; x_wconf 83' lang='lat' dir='ltr'>ferit</span> <span class='ocrx_word' id='word_1_98' title='bbox 539 1401 742 1454; x_wconf 87' lang='lat' dir='ltr'>terram,</span> <span class='ocrx_word' id='word_1_99' title='bbox 769 1401 820 1442; x_wconf 88' lang='lat' dir='ltr'>et</span> <span class='ocrx_word' id='word_1_100' title='bbox 844 1413 1066 1442; x_wconf 87' lang='lat' dir='ltr'>crassum</span> <span class='ocrx_word' id='word_1_101' title='bbox 1090 1397 1245 1442; x_wconf 72' lang='lat' dir='ltr'>vomit</span> <span class='ocrx_word' id='word_1_102' title='bbox 1269 1413 1352 1443; x_wconf 89' lang='lat' dir='ltr'>ore</span> <span class='ocrx_word' id='word_1_103' title='bbox 1376 1413 1614 1443; x_wconf 86' lang='lat' dir='ltr'>cruorem.</span> 
     </span>
    </p>
   </div>
   <div class='ocr_carea' id='block_1_4' title="bbox 182 1474 1586 2992">
    <p class='ocr_par' dir='ltr' id='par_1_6' title="bbox 182 1474 1586 2992">
     <span class='ocr_line' id='line_1_17' title="bbox 183 1474 1510 1536; baseline -0.001 -16"><span class='ocrx_word' id='word_1_104' title='bbox 183 1474 292 1520; x_wconf 90' lang='lat' dir='ltr'>Tris</span> <span class='ocrx_word' id='word_1_105' title='bbox 310 1489 503 1536; x_wconf 89' lang='lat' dir='ltr'>quoque</span> <span class='ocrx_word' id='word_1_106' title='bbox 527 1474 774 1519; x_wconf 88' lang='lat' dir='ltr'>Threicios</span> <span class='ocrx_word' id='word_1_107' title='bbox 799 1474 987 1519; x_wconf 85' lang='lat' dir='ltr'>Boreae</span> <span class='ocrx_word' id='word_1_108' title='bbox 1012 1474 1069 1519; x_wconf 93' lang='lat' dir='ltr'>de</span> <span class='ocrx_word' id='word_1_109' title='bbox 1094 1479 1240 1535; x_wconf 84' lang='lat' dir='ltr'>gente</span> <span class='ocrx_word' id='word_1_110' title='bbox 1265 1489 1510 1534; x_wconf 88' lang='lat' dir='ltr'>suprema,</span> 
     </span>
     <span class='ocr_line' id='line_1_18' title="bbox 183 1550 1521 1611; baseline -0.001 -15"><span class='ocrx_word' id='word_1_111' title='bbox 183 1551 253 1596; x_wconf 88' lang='lat' dir='ltr'>Et</span> <span class='ocrx_word' id='word_1_112' title='bbox 275 1553 381 1608; x_wconf 91' lang='lat' dir='ltr'>tris,</span> <span class='ocrx_word' id='word_1_113' title='bbox 402 1565 522 1611; x_wconf 92' lang='lat' dir='ltr'>quos</span> <span class='ocrx_word' id='word_1_114' title='bbox 546 1550 666 1596; x_wconf 84' lang='lat' dir='ltr'>Idas</span> <span class='ocrx_word' id='word_1_115' title='bbox 690 1555 834 1611; x_wconf 88' lang='lat' dir='ltr'>pater</span> <span class='ocrx_word' id='word_1_116' title='bbox 857 1555 908 1595; x_wconf 89' lang='lat' dir='ltr'>et</span> <span class='ocrx_word' id='word_1_117' title='bbox 932 1550 1099 1611; x_wconf 84' lang='lat' dir='ltr'>patria</span> <span class='ocrx_word' id='word_1_118' title='bbox 1125 1550 1321 1595; x_wconf 87' lang='lat' dir='ltr'>Ismara</span> <span class='ocrx_word' id='word_1_119' title='bbox 1345 1550 1521 1607; x_wconf 89' lang='lat' dir='ltr'>mittit,</span> 
     </span>
     <span class='ocr_line' id='line_1_19' title="bbox 184 1627 1448 1684; baseline -0.001 -11"><span class='ocrx_word' id='word_1_120' title='bbox 184 1627 281 1673; x_wconf 88' lang='lat' dir='ltr'>Per</span> <span class='ocrx_word' id='word_1_121' title='bbox 304 1627 468 1672; x_wconf 87' lang='lat' dir='ltr'>varios</span> <span class='ocrx_word' id='word_1_122' title='bbox 491 1627 672 1672; x_wconf 85' lang='lat' dir='ltr'>sternit</span> <span class='ocrx_word' id='word_1_123' title='bbox 696 1642 848 1673; x_wconf 83' lang='lat' dir='ltr'>casus,</span> <span class='ocrx_word' id='word_1_124' title='bbox 923 1627 1157 1672; x_wconf 85' lang='lat' dir='ltr'>Accurrit</span> <span class='ocrx_word' id='word_1_125' title='bbox 1183 1627 1448 1684; x_wconf 79' lang='lat' dir='ltr'>Halaesus,</span> 
     </span>
     <span class='ocr_line' id='line_1_20' title="bbox 184 1704 1509 1765; baseline -0.001 -14"><span class='ocrx_word' id='word_1_126' title='bbox 184 1706 550 1765; x_wconf 83' lang='lat' dir='ltr'>Auruncaeque</span> <span class='ocrx_word' id='word_1_127' title='bbox 575 1720 782 1763; x_wconf 81' lang='lat' dir='ltr'>manus3</span> <span class='ocrx_word' id='word_1_128' title='bbox 819 1705 953 1750; x_wconf 86' lang='lat' dir='ltr'>subit</span> <span class='ocrx_word' id='word_1_129' title='bbox 978 1710 1028 1750; x_wconf 91' lang='lat' dir='ltr'>et</span> <span class='ocrx_word' id='word_1_130' title='bbox 1051 1704 1310 1765; x_wconf 83' lang='lat' dir='ltr'>Neptunia</span> <span class='ocrx_word' id='word_1_131' title='bbox 1334 1704 1509 1765; x_wconf 84' lang='lat' dir='ltr'>proleS,</span> 
     </span>
     <span class='ocr_line' id='line_1_21' title="bbox 184 1780 1437 1842; baseline -0.001 -15"><span class='ocrx_word' id='word_1_132' title='bbox 184 1780 404 1842; x_wconf 85' lang='lat' dir='ltr'>Insignis</span> <span class='ocrx_word' id='word_1_133' title='bbox 428 1780 686 1842; x_wconf 88' lang='lat' dir='ltr'>Messapus</span> <span class='ocrx_word' id='word_1_134' title='bbox 710 1781 859 1842; x_wconf 85' lang='lat' dir='ltr'>equis.</span> <span class='ocrx_word' id='word_1_135' title='bbox 933 1780 1194 1842; x_wconf 82' lang='lat' dir='ltr'>Expellere</span> <span class='ocrx_word' id='word_1_136' title='bbox 1218 1781 1437 1826; x_wconf 90' lang='lat' dir='ltr'>tendunt</span> 
     </span>
     <span class='ocr_line' id='line_1_22' title="bbox 182 1857 1360 1919; baseline -0.002 -15"><span class='ocrx_word' id='word_1_137' title='bbox 182 1857 334 1904; x_wconf 89' lang='lat' dir='ltr'>Nunc</span> <span class='ocrx_word' id='word_1_138' title='bbox 356 1857 423 1915; x_wconf 91' lang='lat' dir='ltr'>hi,</span> <span class='ocrx_word' id='word_1_139' title='bbox 448 1873 582 1902; x_wconf 85' lang='lat' dir='ltr'>nunc</span> <span class='ocrx_word' id='word_1_140' title='bbox 600 1857 702 1916; x_wconf 69' lang='lat' dir='ltr'>illi,</span> <span class='ocrx_word' id='word_1_141' title='bbox 738 1862 963 1903; x_wconf 89' lang='lat' dir='ltr'>certatur</span> <span class='ocrx_word' id='word_1_142' title='bbox 985 1857 1156 1903; x_wconf 90' lang='lat' dir='ltr'>limine</span> <span class='ocrx_word' id='word_1_143' title='bbox 1179 1857 1232 1903; x_wconf 92' lang='lat' dir='ltr'>in</span> <span class='ocrx_word' id='word_1_144' title='bbox 1255 1857 1360 1919; x_wconf 93' lang='lat' dir='ltr'>ipso</span> 
     </span>
     <span class='ocr_line' id='line_1_23' title="bbox 184 1933 1364 1996; baseline -0.002 -16"><span class='ocrx_word' id='word_1_145' title='bbox 184 1934 449 1981; x_wconf 85' lang='lat' dir='ltr'>Ausoniae.</span> <span class='ocrx_word' id='word_1_146' title='bbox 522 1933 712 1996; x_wconf 87' lang='lat' dir='ltr'>Magno</span> <span class='ocrx_word' id='word_1_147' title='bbox 737 1934 980 1980; x_wconf 88' lang='lat' dir='ltr'>discordes</span> <span class='ocrx_word' id='word_1_148' title='bbox 1000 1934 1202 1980; x_wconf 89' lang='lat' dir='ltr'>aethere</span> <span class='ocrx_word' id='word_1_149' title='bbox 1225 1934 1364 1980; x_wconf 87' lang='lat' dir='ltr'>venti</span> 
     </span>
     <span class='ocr_line' id='line_1_24' title="bbox 185 2011 1406 2073; baseline -0.001 -16"><span class='ocrx_word' id='word_1_150' title='bbox 185 2011 381 2057; x_wconf 90' lang='lat' dir='ltr'>Proelia</span> <span class='ocrx_word' id='word_1_151' title='bbox 405 2027 493 2058; x_wconf 89' lang='lat' dir='ltr'>ceu</span> <span class='ocrx_word' id='word_1_152' title='bbox 515 2011 702 2057; x_wconf 87' lang='lat' dir='ltr'>tollunt</span> <span class='ocrx_word' id='word_1_153' title='bbox 726 2012 907 2057; x_wconf 87' lang='lat' dir='ltr'>animis</span> <span class='ocrx_word' id='word_1_154' title='bbox 931 2017 983 2057; x_wconf 88' lang='lat' dir='ltr'>et</span> <span class='ocrx_word' id='word_1_155' title='bbox 1007 2011 1196 2057; x_wconf 83' lang='lat' dir='ltr'>viribus</span> <span class='ocrx_word' id='word_1_156' title='bbox 1220 2012 1406 2073; x_wconf 84' lang='lat' dir='ltr'>aequis,</span> 
     </span>
     <span class='ocr_line' id='line_1_25' title="bbox 183 2088 1467 2150; baseline -0.001 -15"><span class='ocrx_word' id='word_1_157' title='bbox 183 2088 300 2135; x_wconf 88' lang='lat' dir='ltr'>Non</span> <span class='ocrx_word' id='word_1_158' title='bbox 322 2089 417 2150; x_wconf 90' lang='lat' dir='ltr'>ipsi</span> <span class='ocrx_word' id='word_1_159' title='bbox 439 2089 572 2134; x_wconf 88' lang='lat' dir='ltr'>inter</span> <span class='ocrx_word' id='word_1_160' title='bbox 596 2103 660 2145; x_wconf 89' lang='lat' dir='ltr'>se,</span> <span class='ocrx_word' id='word_1_161' title='bbox 687 2104 787 2133; x_wconf 91' lang='lat' dir='ltr'>non</span> <span class='ocrx_word' id='word_1_162' title='bbox 812 2088 1000 2146; x_wconf 88' lang='lat' dir='ltr'>nubila,</span> <span class='ocrx_word' id='word_1_163' title='bbox 1026 2104 1127 2134; x_wconf 92' lang='lat' dir='ltr'>non</span> <span class='ocrx_word' id='word_1_164' title='bbox 1151 2104 1289 2134; x_wconf 89' lang='lat' dir='ltr'>mare</span> <span class='ocrx_word' id='word_1_165' title='bbox 1307 2088 1436 2134; x_wconf 86' lang='lat' dir='ltr'>cedit</span> <span class='ocrx_word' id='word_1_166' title='bbox 1455 2104 1467 2146; x_wconf 80' lang='lat'>3</span> 
     </span>
     <span class='ocr_line' id='line_1_26' title="bbox 182 2165 1528 2227; baseline -0.001 -16"><span class='ocrx_word' id='word_1_167' title='bbox 182 2166 382 2226; x_wconf 88' lang='lat' dir='ltr'>Anceps</span> <span class='ocrx_word' id='word_1_168' title='bbox 404 2181 577 2227; x_wconf 88' lang='lat' dir='ltr'>pugna</span> <span class='ocrx_word' id='word_1_169' title='bbox 602 2165 686 2211; x_wconf 90' lang='lat' dir='ltr'>diu</span> <span class='ocrx_word' id='word_1_170' title='bbox 707 2181 720 2223; x_wconf 81' lang='lat'>3</span> <span class='ocrx_word' id='word_1_171' title='bbox 757 2170 899 2211; x_wconf 89' lang='lat' dir='ltr'>stant</span> <span class='ocrx_word' id='word_1_172' title='bbox 923 2165 1105 2210; x_wconf 82' lang='lat' dir='ltr'>obnixa</span> <span class='ocrx_word' id='word_1_173' title='bbox 1131 2165 1296 2210; x_wconf 80' lang='lat' dir='ltr'>omnia</span> <span class='ocrx_word' id='word_1_174' title='bbox 1322 2169 1495 2209; x_wconf 91' lang='lat' dir='ltr'>contra</span> <span class='ocrx_word' id='word_1_175' title='bbox 1519 2181 1528 2210; x_wconf 91' lang='lat'>:</span> 
     </span>
     <span class='ocr_line' id='line_1_27' title="bbox 185 2242 1418 2304; baseline -0.002 -16"><span class='ocrx_word' id='word_1_176' title='bbox 185 2242 339 2288; x_wconf 88' lang='lat' dir='ltr'>Haud</span> <span class='ocrx_word' id='word_1_177' title='bbox 363 2242 511 2288; x_wconf 87' lang='lat' dir='ltr'>aliter</span> <span class='ocrx_word' id='word_1_178' title='bbox 535 2242 775 2288; x_wconf 89' lang='lat' dir='ltr'>Troianae</span> <span class='ocrx_word' id='word_1_179' title='bbox 800 2243 928 2288; x_wconf 88' lang='lat' dir='ltr'>acies</span> <span class='ocrx_word' id='word_1_180' title='bbox 954 2243 1178 2304; x_wconf 88' lang='lat' dir='ltr'>aciesque</span> <span class='ocrx_word' id='word_1_181' title='bbox 1203 2242 1418 2288; x_wconf 89' lang='lat' dir='ltr'>Latinae</span> 
     </span>
     <span class='ocr_line' id='line_1_28' title="bbox 185 2319 1528 2380; baseline -0.002 -14"><span class='ocrx_word' id='word_1_182' title='bbox 185 2320 514 2377; x_wconf 83' lang='lat' dir='ltr'>Concurrunt,</span> <span class='ocrx_word' id='word_1_183' title='bbox 540 2320 715 2366; x_wconf 85' lang='lat' dir='ltr'>haeret</span> <span class='ocrx_word' id='word_1_184' title='bbox 739 2320 859 2380; x_wconf 90' lang='lat' dir='ltr'>pede</span> <span class='ocrx_word' id='word_1_185' title='bbox 883 2335 981 2380; x_wconf 87' lang='lat' dir='ltr'>pes,</span> <span class='ocrx_word' id='word_1_186' title='bbox 1008 2319 1284 2380; x_wconf 80' lang='lat' dir='ltr'>densusque</span> <span class='ocrx_word' id='word_1_187' title='bbox 1308 2320 1414 2364; x_wconf 64' lang='lat' dir='ltr'>viro</span> <span class='ocrx_word' id='word_1_188' title='bbox 1439 2319 1528 2364; x_wconf 80' lang='lat' dir='ltr'>vir.</span> 
     </span>
     <span class='ocr_line' id='line_1_29' title="bbox 251 2396 1364 2458; baseline -0.001 -16"><span class='ocrx_word' id='word_1_189' title='bbox 251 2397 326 2442; x_wconf 91' lang='lat' dir='ltr'>At</span> <span class='ocrx_word' id='word_1_190' title='bbox 349 2402 493 2458; x_wconf 91' lang='lat' dir='ltr'>parte</span> <span class='ocrx_word' id='word_1_191' title='bbox 517 2413 578 2442; x_wconf 79' lang='lat' dir='ltr'>ex</span> <span class='ocrx_word' id='word_1_192' title='bbox 602 2396 717 2454; x_wconf 91' lang='lat' dir='ltr'>alia,</span> <span class='ocrx_word' id='word_1_193' title='bbox 744 2413 844 2458; x_wconf 89' lang='lat' dir='ltr'>qua</span> <span class='ocrx_word' id='word_1_194' title='bbox 869 2413 987 2442; x_wconf 79' lang='lat' dir='ltr'>saxa</span> <span class='ocrx_word' id='word_1_195' title='bbox 1014 2398 1238 2442; x_wconf 80' lang='lat' dir='ltr'>rotantia.</span> <span class='ocrx_word' id='word_1_196' title='bbox 1261 2396 1364 2441; x_wconf 88' lang='lat' dir='ltr'>late</span> 
     </span>
     <span class='ocr_line' id='line_1_30' title="bbox 185 2473 1351 2535; baseline -0.001 -16"><span class='ocrx_word' id='word_1_197' title='bbox 185 2473 451 2535; x_wconf 89' lang='lat' dir='ltr'>Inpulerat</span> <span class='ocrx_word' id='word_1_198' title='bbox 474 2479 669 2519; x_wconf 90' lang='lat' dir='ltr'>torrens</span> <span class='ocrx_word' id='word_1_199' title='bbox 693 2474 999 2534; x_wconf 87' lang='lat' dir='ltr'>arbustaque</span> <span class='ocrx_word' id='word_1_200' title='bbox 1023 2473 1191 2518; x_wconf 79' lang='lat' dir='ltr'>diruta</span> <span class='ocrx_word' id='word_1_201' title='bbox 1216 2473 1351 2534; x_wconf 88' lang='lat' dir='ltr'>ripis,</span> 
     </span>
     <span class='ocr_line' id='line_1_31' title="bbox 185 2549 1300 2610; baseline -0.001 -15"><span class='ocrx_word' id='word_1_202' title='bbox 185 2549 422 2606; x_wconf 87' lang='lat' dir='ltr'>Arcadas,</span> <span class='ocrx_word' id='word_1_203' title='bbox 448 2549 667 2595; x_wconf 82' lang='lat' dir='ltr'>insuetos</span> <span class='ocrx_word' id='word_1_204' title='bbox 690 2550 816 2595; x_wconf 90' lang='lat' dir='ltr'>acies</span> <span class='ocrx_word' id='word_1_205' title='bbox 840 2549 1024 2595; x_wconf 82' lang='lat' dir='ltr'>inferre</span> <span class='ocrx_word' id='word_1_206' title='bbox 1048 2550 1300 2610; x_wconf 86' lang='lat' dir='ltr'>pedestris,</span> 
     </span>
     <span class='ocr_line' id='line_1_32' title="bbox 187 2626 1320 2688; baseline -0.001 -16"><span class='ocrx_word' id='word_1_207' title='bbox 187 2626 264 2672; x_wconf 88' lang='lat' dir='ltr'>Ut</span> <span class='ocrx_word' id='word_1_208' title='bbox 288 2626 413 2671; x_wconf 80' lang='lat' dir='ltr'>vidit</span> <span class='ocrx_word' id='word_1_209' title='bbox 437 2626 605 2672; x_wconf 86' lang='lat' dir='ltr'>Pallas</span> <span class='ocrx_word' id='word_1_210' title='bbox 630 2626 776 2671; x_wconf 91' lang='lat' dir='ltr'>Latio</span> <span class='ocrx_word' id='word_1_211' title='bbox 801 2626 919 2671; x_wconf 89' lang='lat' dir='ltr'>dare</span> <span class='ocrx_word' id='word_1_212' title='bbox 943 2631 1086 2688; x_wconf 87' lang='lat' dir='ltr'>terga</span> <span class='ocrx_word' id='word_1_213' title='bbox 1111 2626 1320 2687; x_wconf 88' lang='lat' dir='ltr'>sequaci,</span> 
     </span>
     <span class='ocr_line' id='line_1_33' title="bbox 189 2702 1364 2765; baseline 0 -18"><span class='ocrx_word' id='word_1_214' title='bbox 189 2702 404 2765; x_wconf 86' lang='lat' dir='ltr'>(Aspera</span> <span class='ocrx_word' id='word_1_215' title='bbox 428 2702 539 2763; x_wconf 89' lang='lat' dir='ltr'>quis</span> <span class='ocrx_word' id='word_1_216' title='bbox 564 2708 748 2747; x_wconf 89' lang='lat' dir='ltr'>natura</span> <span class='ocrx_word' id='word_1_217' title='bbox 774 2702 867 2747; x_wconf 87' lang='lat' dir='ltr'>loci</span> <span class='ocrx_word' id='word_1_218' title='bbox 891 2702 1142 2747; x_wconf 88' lang='lat' dir='ltr'>dimittere</span> <span class='ocrx_word' id='word_1_219' title='bbox 1166 2702 1364 2763; x_wconf 91' lang='lat' dir='ltr'>quando</span> 
     </span>
     <span class='ocr_line' id='line_1_34' title="bbox 189 2779 1472 2840; baseline -0.001 -15"><span class='ocrx_word' id='word_1_220' title='bbox 189 2780 357 2826; x_wconf 88' lang='lat' dir='ltr'>Suasit</span> <span class='ocrx_word' id='word_1_221' title='bbox 381 2779 570 2840; x_wconf 90' lang='lat' dir='ltr'>equos,)</span> <span class='ocrx_word' id='word_1_222' title='bbox 598 2794 756 2824; x_wconf 90' lang='lat' dir='ltr'>unum</span> <span class='ocrx_word' id='word_1_223' title='bbox 780 2779 910 2840; x_wconf 89' lang='lat' dir='ltr'>quod</span> <span class='ocrx_word' id='word_1_224' title='bbox 934 2779 1083 2824; x_wconf 91' lang='lat' dir='ltr'>rebus</span> <span class='ocrx_word' id='word_1_225' title='bbox 1107 2784 1267 2825; x_wconf 84' lang='lat' dir='ltr'>restat</span> <span class='ocrx_word' id='word_1_226' title='bbox 1291 2780 1472 2840; x_wconf 87' lang='lat' dir='ltr'>egenis,</span> 
     </span>
     <span class='ocr_line' id='line_1_35' title="bbox 187 2854 1586 2915; baseline 0.001 -15"><span class='ocrx_word' id='word_1_227' title='bbox 187 2855 338 2901; x_wconf 85' lang='lat' dir='ltr'>Nunc</span> <span class='ocrx_word' id='word_1_228' title='bbox 360 2869 517 2915; x_wconf 88' lang='lat' dir='ltr'>prece,</span> <span class='ocrx_word' id='word_1_229' title='bbox 542 2870 677 2900; x_wconf 91' lang='lat' dir='ltr'>nunc</span> <span class='ocrx_word' id='word_1_230' title='bbox 700 2854 841 2900; x_wconf 89' lang='lat' dir='ltr'>dictis</span> <span class='ocrx_word' id='word_1_231' title='bbox 863 2854 1104 2900; x_wconf 79' lang='lat' dir='ltr'>virtutem</span> <span class='ocrx_word' id='word_1_232' title='bbox 1127 2854 1348 2900; x_wconf 85' lang='lat' dir='ltr'>accendit</span> <span class='ocrx_word' id='word_1_233' title='bbox 1373 2855 1554 2901; x_wconf 87' lang='lat' dir='ltr'>amaris</span> <span class='ocrx_word' id='word_1_234' title='bbox 1577 2872 1586 2901; x_wconf 89' lang='lat'>:</span> 
     </span>
     <span class='ocr_line' id='line_1_36' title="bbox 190 2930 1388 2992; baseline 0 -16"><span class='ocrx_word' id='word_1_235' title='bbox 190 2933 298 2987; x_wconf 85' lang='lat' dir='ltr'>Quo</span> <span class='ocrx_word' id='word_1_236' title='bbox 322 2930 514 2992; x_wconf 86' lang='lat' dir='ltr'>fugitis,</span> <span class='ocrx_word' id='word_1_237' title='bbox 540 2931 690 2977; x_wconf 70' lang='lat' dir='ltr'>socii?</span> <span class='ocrx_word' id='word_1_238' title='bbox 760 2930 857 2976; x_wconf 88' lang='lat' dir='ltr'>Per</span> <span class='ocrx_word' id='word_1_239' title='bbox 881 2947 963 2976; x_wconf 88' lang='lat' dir='ltr'>vos</span> <span class='ocrx_word' id='word_1_240' title='bbox 987 2935 1038 2976; x_wconf 90' lang='lat' dir='ltr'>et</span> <span class='ocrx_word' id='word_1_241' title='bbox 1063 2930 1215 2976; x_wconf 86' lang='lat' dir='ltr'>fortia</span> <span class='ocrx_word' id='word_1_242' title='bbox 1239 2930 1388 2988; x_wconf 79' lang='lat' dir='ltr'>facta,</span> 
     </span>
    </p>
   </div>
   <div class='ocr_carea' id='block_1_5' title="bbox 1787 195 1837 241">
    <p class='ocr_par' dir='ltr' id='par_1_7' title="bbox 1787 195 1837 241">
     <span class='ocr_line' id='line_1_37' title="bbox 1787 195 1837 241; baseline 0 0"><span class='ocrx_word' id='word_1_243' title='bbox 1787 195 1837 241; x_wconf 90' lang='grc'>1]</span> 
     </span>
    </p>
   </div>
   <div class='ocr_carea' id='block_1_6' title="bbox 1752 338 1843 384">
    <p class='ocr_par' dir='ltr' id='par_1_8' title="bbox 1752 338 1843 384">
     <span class='ocr_line' id='line_1_38' title="bbox 1752 338 1843 384; baseline 0.011 -1"><span class='ocrx_word' id='word_1_244' title='bbox 1752 338 1843 384; x_wconf 82' lang='lat'>335</span> 
     </span>
    </p>
   </div>
   <div class='ocr_carea' id='block_1_7' title="bbox 1753 722 1848 766">
    <p class='ocr_par' dir='ltr' id='par_1_9' title="bbox 1753 722 1848 766">
     <span class='ocr_line' id='line_1_39' title="bbox 1753 722 1848 766; baseline -0.011 0"><span class='ocrx_word' id='word_1_245' title='bbox 1753 722 1848 766; x_wconf 81' lang='lat'>340</span> 
     </span>
    </p>
   </div>
   <div class='ocr_carea' id='block_1_8' title="bbox 1755 1103 1846 1151">
    <p class='ocr_par' dir='ltr' id='par_1_10' title="bbox 1755 1103 1846 1151">
     <span class='ocr_line' id='line_1_40' title="bbox 1755 1103 1846 1151; baseline 0.011 -2"><span class='ocrx_word' id='word_1_246' title='bbox 1755 1103 1846 1151; x_wconf 83' lang='lat'>345</span> 
     </span>
    </p>
   </div>
   <div class='ocr_carea' id='block_1_9' title="bbox 1756 1490 1852 1537">
    <p class='ocr_par' dir='ltr' id='par_1_11' title="bbox 1756 1490 1852 1537">
     <span class='ocr_line' id='line_1_41' title="bbox 1756 1490 1852 1537; baseline 0 0"><span class='ocrx_word' id='word_1_247' title='bbox 1756 1490 1852 1537; x_wconf 85' lang='lat'>350</span> 
     </span>
    </p>
   </div>
   <div class='ocr_carea' id='block_1_10' title="bbox 1755 1873 1848 1921">
    <p class='ocr_par' dir='ltr' id='par_1_12' title="bbox 1755 1873 1848 1921">
     <span class='ocr_line' id='line_1_42' title="bbox 1755 1873 1848 1921; baseline 0.011 -1"><span class='ocrx_word' id='word_1_248' title='bbox 1755 1873 1848 1921; x_wconf 79' lang='lat'>355</span> 
     </span>
    </p>
   </div>
   <div class='ocr_carea' id='block_1_11' title="bbox 1757 2246 1853 2303">
    <p class='ocr_par' dir='ltr' id='par_1_13' title="bbox 1757 2246 1853 2303">
     <span class='ocr_line' id='line_1_43' title="bbox 1757 2246 1853 2303; baseline 0 -14"><span class='ocrx_word' id='word_1_249' title='bbox 1757 2246 1853 2303; x_wconf 84' lang='lat'>360</span> 
     </span>
    </p>
   </div>
   <div class='ocr_carea' id='block_1_12' title="bbox 1760 2631 1851 2689">
    <p class='ocr_par' dir='ltr' id='par_1_14' title="bbox 1760 2631 1851 2689">
     <span class='ocr_line' id='line_1_44' title="bbox 1760 2631 1851 2689; baseline 0.022 -2"><span class='ocrx_word' id='word_1_250' title='bbox 1760 2631 1851 2689; x_wconf 84' lang='lat'>365</span> 
     </span>
    </p>
   </div>
  </div>
 </body>
</html>
