2138 3241
223 210 253 256 8
955 222 1151 254 VERGIL..

221 337 326 383 Nos
350 354 533 397 sumus,
560 339 744 384 Idaeae
768 354 905 384 sacro
930 337 989 383 de
1013 337 1197 383 vertice
1222 337 1382 398 pinus,

218 414 368 460 Nunc
392 415 555 476 pelagi
579 413 861 476 Nymphae,
887 414 1055 460 classis
1079 418 1184 459 tua.
1259 413 1485 460 Perfidus
1509 417 1568 458 ut
1593 428 1680 458 nos

217 490 510 552 Praecipitis
534 491 666 537 ferro
692 491 915 536 Rutulus
938 491 1240 551 flammaque
1266 490 1538 551 premebat,

215 567 462 629 Rupimus
484 569 675 613 invitae
699 572 789 613 tua
815 568 1030 625 vincula,
1056 572 1208 628 teque
1233 584 1322 628 per
1346 583 1532 629 aequor

214 645 520 699 Quaerimus.
593 645 742 690 Hanc
767 644 1008 690 Genetrix
1031 644 1210 690 faciem
1233 645 1469 690 miserata
1493 643 1685 702 refecit,

213 720 283 766 Et
307 721 444 766 dedit
468 737 569 766 esse
596 721 725 778 deas,
752 736 1024 781 aevomque
1048 720 1246 782 agitare
1270 721 1362 766 sub
1387 720 1546 766 undis.

211 802 280 843 At
304 814 426 859 puer
449 798 696 843 Ascanius
720 813 861 843 muro
885 797 1122 859 fossisque
1146 802 1349 844 tenetur

210 874 328 920 Tela
352 875 485 920 inter
509 874 670 920 media
696 878 848 935 atque
872 873 1121 920 horrentis
1149 874 1320 920 Marte
1345 874 1568 920 Latinos.

209 951 323 997 Iam
346 952 451 998 loca
475 953 608 998 iussa
633 957 772 998 tenet
794 951 916 997 forti
940 953 1217 1013 permixtus
1244 952 1457 998 Etrusco

206 1028 368 1075 Arcas
391 1044 551 1090 equeS.
625 1028 820 1074 Medias
843 1028 947 1074 illis
972 1045 1216 1090 opponere
1240 1034 1449 1087 turmas,

206 1106 286 1151 Ne
309 1106 486 1151 castris
508 1106 738 1166 iungant,
764 1110 901 1151 certa
926 1110 1000 1151 est
1024 1106 1275 1151 sententia
1301 1106 1483 1151 Turno.

207 1183 363 1244 Surge
386 1199 492 1244 age,
519 1187 570 1228 et
593 1183 798 1228 Aurora
823 1183 974 1228 socios
998 1183 1229 1229 veniente
1254 1182 1423 1228 vocari

205 1259 404 1305 Primus
428 1260 481 1305 in
506 1276 648 1304 arma
672 1259 799 1317 iube,
827 1264 877 1305 et
901 1259 1113 1321 clipeum
1139 1276 1272 1321 cape,
1300 1276 1446 1322 quem
1472 1258 1606 1305 dedit
1629 1259 1733 1320 ipse

204 1337 459 1383 Invictum
487 1337 794 1398 Ignipotens,
822 1343 976 1399 atque
1000 1354 1112 1384 oras
1136 1338 1314 1384 ambiit
1340 1354 1477 1384 auro.

203 1413 438 1459 Crastina
462 1414 562 1471 lux,
590 1429 698 1459 mea
724 1414 764 1459 si
788 1431 888 1460 non
912 1415 1067 1460 inrita
1092 1414 1226 1460 dicta
1251 1414 1463 1476 putaris,

201 1490 428 1551 Ingentis
453 1491 675 1537 Rutulae
700 1492 945 1552 spectabit
969 1492 1131 1538 caedis
1155 1508 1369 1538 acervos.

200 1566 437 1614 Dixerat:
476 1572 527 1613 et
552 1567 727 1613 dextra
752 1567 1002 1614 discedens
1026 1569 1215 1630 inpulit
1240 1569 1416 1627 altam,

199 1644 353 1690 Haud
377 1645 553 1706 ignara
578 1646 722 1703 modi,
748 1646 969 1707 puppim.
1042 1647 1193 1708 Fugit
1217 1646 1304 1692 illa
1329 1662 1417 1707 per
1443 1645 1604 1691 undas

198 1722 341 1769 Ocior
365 1727 415 1768 et
438 1713 598 1769 iaculo
623 1728 673 1769 et
698 1728 870 1770 ventos
894 1729 1144 1786 aequante
1162 1725 1365 1786 sagitta.

196 1798 322 1844 Inde
346 1799 474 1845 aliae
497 1800 717 1846 celerant
741 1817 925 1847 cursus.
1000 1801 1181 1862 Stupet
1205 1802 1388 1847 inscius
1412 1801 1516 1862 ipse

193 1874 313 1921 Tros
336 1876 662 1922 Anchisiades
682 1894 693 1935 3
731 1878 922 1923 animos
946 1883 1118 1924 tamen
1142 1879 1304 1924 omine
1329 1879 1477 1924 tollit.

193 1955 321 2001 Tum
344 1956 560 2002 breviter
584 1973 762 2018 supera
788 1958 1083 2020 adspectans
1109 1975 1327 2005 convexa
1353 1962 1590 2021 precatur
1614 1976 1623 2006 ε

192 2034 344 2080 Alma
367 2052 547 2097 parens
571 2037 725 2082 Idaea
751 2037 912 2095 deum,
939 2038 1019 2083 cui
1044 2038 1298 2099 Dindyma
1323 2039 1472 2096 cordi,

191 2110 583 2174 Turrigeraeque
608 2113 767 2172 urbes,
794 2113 1046 2175 biiugique
1071 2115 1134 2160 ad
1160 2114 1303 2161 frena
1328 2115 1492 2161 leones
1513 2131 1525 2173 3

190 2186 265 2232 Tu
289 2187 411 2233 mihi
434 2204 566 2233 nunc
590 2204 788 2249 pugnae
811 2190 1052 2251 princeps,
1081 2195 1138 2236 tu
1164 2191 1260 2236 rite
1285 2192 1593 2253 propinques

187 2263 489 2324 Augurium,
516 2265 895 2328 Phrygibusque
920 2267 1050 2313 adsis
1074 2268 1209 2329 pede,
1236 2268 1366 2326 diva,
1393 2268 1620 2315 secundo.

188 2340 408 2386 Tantum
432 2342 611 2388 effatus
631 2359 643 2401 3
680 2347 731 2388 et
755 2344 947 2389 interea
972 2346 1198 2390 revoluta
1223 2345 1404 2391 ruebat

188 2416 399 2463 Matura
423 2418 525 2464 iam
549 2419 656 2465 luce
682 2419 797 2478 dies,
823 2425 1118 2482 noctemque
1143 2422 1367 2483 fugarat.

187 2493 436 2555 Principio
461 2495 602 2541 sociis
626 2495 787 2554 edicit,
814 2497 957 2558 signa
983 2504 1276 2559 sequantur,

184 2574 355 2634 Atque
379 2574 568 2619 animos
591 2580 769 2636 aptent
793 2576 959 2633 armis,
986 2593 1280 2639 pugnaeque
1308 2583 1489 2639 parent
1513 2595 1577 2625 se.

184 2650 394 2711 Iamque
417 2650 471 2695 in
494 2656 759 2712 conspectu
783 2652 993 2699 Teucros
1018 2653 1172 2700 habet
1197 2661 1247 2701 et
1273 2671 1362 2701 sua
1387 2660 1572 2715 castra,

186 2726 336 2772 Stans
359 2727 487 2772 celsa
510 2727 564 2772 in
588 2728 743 2789 puppi
763 2745 775 2786 3
812 2729 1024 2790 clipeum
1049 2747 1162 2776 cum
1187 2731 1362 2778 deinde
1386 2732 1592 2779 sinistra

183 2803 384 2850 Extulit
407 2805 679 2851 ardentem.
753 2806 1033 2853 Clamorem
1057 2808 1122 2853 ad
1146 2809 1309 2855 sidera
1334 2810 1523 2857 tollunt

183 2879 504 2926 Dardanidae
528 2897 554 2927 e
578 2882 761 2941 muris3
798 2898 906 2944 spes
931 2884 1103 2929 addita
1128 2886 1341 2932 suscitat
1363 2887 1467 2933 iras
1487 2904 1497 2934 z

181 2956 298 3002 Tela
324 2973 478 3002 manu
501 2957 693 3004 iaciunt
715 2977 723 3006 ι
762 2959 934 3021 quales
959 2960 1050 3006 sub
1074 2961 1290 3008 nubibus
1315 2963 1441 3009 atris

1799 353 1892 397 230

1794 733 1884 781 235

1784 1121 1879 1164 240

1783 1505 1874 1553 245

1774 1893 1868 1941 250

1763 2284 1853 2332 255

1766 2661 1861 2705 260
