<?xml version="1.0" encoding="UTF-8"?>
<!DOCTYPE html PUBLIC "-//W3C//DTD XHTML 1.0 Transitional//EN"
    "http://www.w3.org/TR/xhtml1/DTD/xhtml1-transitional.dtd">
<html xmlns="http://www.w3.org/1999/xhtml" xml:lang="en" lang="en">
 <head>
  <title>
</title>
<meta http-equiv="Content-Type" content="text/html;charset=utf-8" />
  <meta name='ocr-system' content='tesseract 3.04.00' />
  <meta name='ocr-capabilities' content='ocr_page ocr_carea ocr_par ocr_line ocrx_word'/>
</head>
<body>
  <div class='ocr_page' id='page_1' title='image "aeneidx00virguoft_0051.png"; bbox 0 0 2138 3241; ppageno 0'>
   <div class='ocr_carea' id='block_1_1' title="bbox 929 196 1200 230">
    <p class='ocr_par' dir='ltr' id='par_1_1' title="bbox 929 196 1200 230">
     <span class='ocr_line' id='line_1_1' title="bbox 929 196 1200 230; baseline 0.004 -2"><span class='ocrx_word' id='word_1_1' title='bbox 929 196 1117 230; x_wconf 85' lang='lat' dir='ltr'>AENEID</span> <span class='ocrx_word' id='word_1_2' title='bbox 1152 198 1200 229; x_wconf 86' lang='lat' dir='ltr'>X.</span> 
     </span>
    </p>
   </div>
   <div class='ocr_carea' id='block_1_2' title="bbox 230 308 1670 909">
    <p class='ocr_par' dir='ltr' id='par_1_2' title="bbox 238 308 1549 447">
     <span class='ocr_line' id='line_1_2' title="bbox 238 308 1549 371; baseline 0 -16"><span class='ocrx_word' id='word_1_3' title='bbox 238 309 464 356; x_wconf 85' lang='lat' dir='ltr'>Clamore</span> <span class='ocrx_word' id='word_1_4' title='bbox 486 308 760 355; x_wconf 89' lang='lat' dir='ltr'>incendunt</span> <span class='ocrx_word' id='word_1_5' title='bbox 784 309 975 355; x_wconf 84' lang='lat' dir='ltr'>caelum</span> <span class='ocrx_word' id='word_1_6' title='bbox 999 310 1243 371; x_wconf 79' lang='lat' dir='ltr'>Troesque</span> <span class='ocrx_word' id='word_1_7' title='bbox 1269 310 1549 371; x_wconf 70' lang='lat' dir='ltr'>Latinique.</span> 
     </span>
     <span class='ocr_line' id='line_1_3' title="bbox 238 386 1382 447; baseline 0 -16"><span class='ocrx_word' id='word_1_8' title='bbox 238 386 461 432; x_wconf 86' lang='lat' dir='ltr'>Advolat</span> <span class='ocrx_word' id='word_1_9' title='bbox 482 386 696 443; x_wconf 85' lang='lat' dir='ltr'>Aeneas,</span> <span class='ocrx_word' id='word_1_10' title='bbox 723 386 1005 447; x_wconf 83' lang='lat' dir='ltr'>vaginaque</span> <span class='ocrx_word' id='word_1_11' title='bbox 1028 386 1178 447; x_wconf 88' lang='lat' dir='ltr'>eripit</span> <span class='ocrx_word' id='word_1_12' title='bbox 1202 401 1382 444; x_wconf 84' lang='lat' dir='ltr'>ensem,</span> 
     </span>
    </p>

    <p class='ocr_par' dir='ltr' id='par_1_3' title="bbox 230 462 1670 909">
     <span class='ocr_line' id='line_1_4' title="bbox 240 462 1585 523; baseline 0.001 -16"><span class='ocrx_word' id='word_1_13' title='bbox 240 462 309 508; x_wconf 88' lang='lat' dir='ltr'>Et</span> <span class='ocrx_word' id='word_1_14' title='bbox 331 477 478 523; x_wconf 90' lang='lat' dir='ltr'>super</span> <span class='ocrx_word' id='word_1_15' title='bbox 502 462 651 508; x_wconf 89' lang='lat' dir='ltr'>haec:</span> <span class='ocrx_word' id='word_1_16' title='bbox 678 462 783 508; x_wconf 89' lang='lat' dir='ltr'>Ubi</span> <span class='ocrx_word' id='word_1_17' title='bbox 807 478 940 507; x_wconf 91' lang='lat' dir='ltr'>nunc</span> <span class='ocrx_word' id='word_1_18' title='bbox 967 462 1246 508; x_wconf 71' lang='lat' dir='ltr'>Mezentius</span> <span class='ocrx_word' id='word_1_19' title='bbox 1269 478 1397 521; x_wconf 86' lang='lat' dir='ltr'>acer,</span> <span class='ocrx_word' id='word_1_20' title='bbox 1423 466 1475 508; x_wconf 87' lang='lat' dir='ltr'>et</span> <span class='ocrx_word' id='word_1_21' title='bbox 1497 462 1585 508; x_wconf 81' lang='lat' dir='ltr'>illa</span> 
     </span>
     <span class='ocr_line' id='line_1_5' title="bbox 235 539 1556 600; baseline 0 -15"><span class='ocrx_word' id='word_1_22' title='bbox 235 539 404 585; x_wconf 85' lang='lat' dir='ltr'>Effera</span> <span class='ocrx_word' id='word_1_23' title='bbox 427 539 502 585; x_wconf 82' lang='lat' dir='ltr'>Vis</span> <span class='ocrx_word' id='word_1_24' title='bbox 525 539 712 586; x_wconf 66' lang='lat' dir='ltr'>animi?</span> <span class='ocrx_word' id='word_1_25' title='bbox 783 539 973 585; x_wconf 83' lang='lat' dir='ltr'>Contra</span> <span class='ocrx_word' id='word_1_26' title='bbox 1000 540 1299 600; x_wconf 87' lang='lat' dir='ltr'>Tyrrhenus,</span> <span class='ocrx_word' id='word_1_27' title='bbox 1327 544 1384 585; x_wconf 92' lang='lat' dir='ltr'>ut</span> <span class='ocrx_word' id='word_1_28' title='bbox 1409 555 1556 585; x_wconf 86' lang='lat' dir='ltr'>auras</span> 
     </span>
     <span class='ocr_line' id='line_1_6' title="bbox 234 616 1515 678; baseline 0 -16"><span class='ocrx_word' id='word_1_29' title='bbox 234 616 512 678; x_wconf 82' lang='lat' dir='ltr'>Suspiciens</span> <span class='ocrx_word' id='word_1_30' title='bbox 537 616 703 662; x_wconf 87' lang='lat' dir='ltr'>hausit</span> <span class='ocrx_word' id='word_1_31' title='bbox 727 616 931 673; x_wconf 87' lang='lat' dir='ltr'>caelum,</span> <span class='ocrx_word' id='word_1_32' title='bbox 959 621 1277 678; x_wconf 85' lang='lat' dir='ltr'>mentemque</span> <span class='ocrx_word' id='word_1_33' title='bbox 1301 616 1515 677; x_wconf 87' lang='lat' dir='ltr'>recepit:</span> 
     </span>
     <span class='ocr_line' id='line_1_7' title="bbox 234 694 1670 756; baseline 0.001 -16"><span class='ocrx_word' id='word_1_34' title='bbox 234 695 408 740; x_wconf 86' lang='lat' dir='ltr'>Hostis</span> <span class='ocrx_word' id='word_1_35' title='bbox 433 709 617 752; x_wconf 84' lang='lat' dir='ltr'>amare,</span> <span class='ocrx_word' id='word_1_36' title='bbox 643 694 762 756; x_wconf 88' lang='lat' dir='ltr'>quid</span> <span class='ocrx_word' id='word_1_37' title='bbox 785 694 1069 755; x_wconf 66' lang='lat' dir='ltr'>increpitaS,</span> <span class='ocrx_word' id='word_1_38' title='bbox 1096 699 1404 756; x_wconf 88' lang='lat' dir='ltr'>mortemque</span> <span class='ocrx_word' id='word_1_39' title='bbox 1429 694 1670 741; x_wconf 66' lang='lat' dir='ltr'>minaris?</span> 
     </span>
     <span class='ocr_line' id='line_1_8' title="bbox 233 770 1558 833; baseline 0 -17"><span class='ocrx_word' id='word_1_40' title='bbox 233 770 447 816; x_wconf 89' lang='lat' dir='ltr'>Nullum</span> <span class='ocrx_word' id='word_1_41' title='bbox 471 771 524 816; x_wconf 89' lang='lat' dir='ltr'>in</span> <span class='ocrx_word' id='word_1_42' title='bbox 548 771 693 817; x_wconf 87' lang='lat' dir='ltr'>caede</span> <span class='ocrx_word' id='word_1_43' title='bbox 717 771 886 826; x_wconf 81' lang='lat' dir='ltr'>nefas3</span> <span class='ocrx_word' id='word_1_44' title='bbox 914 786 1003 816; x_wconf 89' lang='lat' dir='ltr'>nec</span> <span class='ocrx_word' id='word_1_45' title='bbox 1028 771 1093 817; x_wconf 89' lang='lat' dir='ltr'>sic</span> <span class='ocrx_word' id='word_1_46' title='bbox 1118 771 1181 817; x_wconf 86' lang='lat' dir='ltr'>ad</span> <span class='ocrx_word' id='word_1_47' title='bbox 1206 771 1393 833; x_wconf 81' lang='lat' dir='ltr'>proelia</span> <span class='ocrx_word' id='word_1_48' title='bbox 1416 772 1558 829; x_wconf 63' lang='lat' dir='ltr'>venig</span> 
     </span>
     <span class='ocr_line' id='line_1_9' title="bbox 230 848 1652 909; baseline -0.001 -14"><span class='ocrx_word' id='word_1_49' title='bbox 230 849 337 895; x_wconf 82' lang='lat' dir='ltr'>Nec</span> <span class='ocrx_word' id='word_1_50' title='bbox 359 852 524 894; x_wconf 86' lang='lat' dir='ltr'>tecum</span> <span class='ocrx_word' id='word_1_51' title='bbox 547 863 686 894; x_wconf 89' lang='lat' dir='ltr'>meus</span> <span class='ocrx_word' id='word_1_52' title='bbox 710 848 830 894; x_wconf 86' lang='lat' dir='ltr'>haec</span> <span class='ocrx_word' id='word_1_53' title='bbox 855 848 1045 909; x_wconf 84' lang='lat' dir='ltr'>pepigit</span> <span class='ocrx_word' id='word_1_54' title='bbox 1071 848 1194 893; x_wconf 80' lang='lat' dir='ltr'>mihi</span> <span class='ocrx_word' id='word_1_55' title='bbox 1218 848 1415 894; x_wconf 86' lang='lat' dir='ltr'>foedera</span> <span class='ocrx_word' id='word_1_56' title='bbox 1442 848 1652 894; x_wconf 89' lang='lat' dir='ltr'>Lausus.</span> 
     </span>
    </p>
   </div>
   <div class='ocr_carea' id='block_1_3' title="bbox 231 924 1702 987">
    <p class='ocr_par' dir='ltr' id='par_1_4' title="bbox 231 924 1702 987">
     <span class='ocr_line' id='line_1_10' title="bbox 231 924 1702 987; baseline 0 -16"><span class='ocrx_word' id='word_1_57' title='bbox 231 925 408 972; x_wconf 90' lang='lat' dir='ltr'>Unum</span> <span class='ocrx_word' id='word_1_58' title='bbox 433 925 539 983; x_wconf 91' lang='lat' dir='ltr'>hoc,</span> <span class='ocrx_word' id='word_1_59' title='bbox 566 941 667 987; x_wconf 87' lang='lat' dir='ltr'>per,</span> <span class='ocrx_word' id='word_1_60' title='bbox 693 926 734 971; x_wconf 89' lang='lat' dir='ltr'>si</span> <span class='ocrx_word' id='word_1_61' title='bbox 759 941 858 987; x_wconf 89' lang='lat' dir='ltr'>qua</span> <span class='ocrx_word' id='word_1_62' title='bbox 883 929 958 971; x_wconf 89' lang='lat' dir='ltr'>est</span> <span class='ocrx_word' id='word_1_63' title='bbox 983 926 1126 971; x_wconf 88' lang='lat' dir='ltr'>victis</span> <span class='ocrx_word' id='word_1_64' title='bbox 1150 926 1296 971; x_wconf 89' lang='lat' dir='ltr'>venia</span> <span class='ocrx_word' id='word_1_65' title='bbox 1320 924 1558 984; x_wconf 86' lang='lat' dir='ltr'>hostibus,</span> <span class='ocrx_word' id='word_1_66' title='bbox 1585 941 1670 971; x_wconf 92' lang='lat' dir='ltr'>oro</span> <span class='ocrx_word' id='word_1_67' title='bbox 1693 942 1702 971; x_wconf 89' lang='lat'>:</span> 
     </span>
    </p>
   </div>
   <div class='ocr_carea' id='block_1_4' title="bbox 229 1002 1699 1372">
    <p class='ocr_par' dir='ltr' id='par_1_5' title="bbox 230 1002 1586 1137">
     <span class='ocr_line' id='line_1_11' title="bbox 231 1002 1586 1063; baseline -0.001 -15"><span class='ocrx_word' id='word_1_68' title='bbox 231 1002 421 1063; x_wconf 82' lang='lat' dir='ltr'>Corpus</span> <span class='ocrx_word' id='word_1_69' title='bbox 445 1002 597 1048; x_wconf 91' lang='lat' dir='ltr'>humo</span> <span class='ocrx_word' id='word_1_70' title='bbox 620 1003 810 1063; x_wconf 86' lang='lat' dir='ltr'>patiare</span> <span class='ocrx_word' id='word_1_71' title='bbox 834 1004 952 1063; x_wconf 85' lang='lat' dir='ltr'>tegi.</span> <span class='ocrx_word' id='word_1_72' title='bbox 1028 1002 1134 1048; x_wconf 83' lang='lat' dir='ltr'>Scio</span> <span class='ocrx_word' id='word_1_73' title='bbox 1159 1002 1340 1047; x_wconf 86' lang='lat' dir='ltr'>acerba</span> <span class='ocrx_word' id='word_1_74' title='bbox 1364 1017 1586 1047; x_wconf 90' lang='lat' dir='ltr'>meorum</span> 
     </span>
     <span class='ocr_line' id='line_1_12' title="bbox 230 1077 1543 1137; baseline -0.002 -12"><span class='ocrx_word' id='word_1_75' title='bbox 230 1079 564 1125; x_wconf 83' lang='lat' dir='ltr'>Circumstare</span> <span class='ocrx_word' id='word_1_76' title='bbox 588 1078 699 1124; x_wconf 79' lang='lat' dir='ltr'>odia</span> <span class='ocrx_word' id='word_1_77' title='bbox 721 1097 730 1126; x_wconf 75' lang='grc' dir='ltr'>ε</span> <span class='ocrx_word' id='word_1_78' title='bbox 757 1078 905 1135; x_wconf 90' lang='lat' dir='ltr'>hunc,</span> <span class='ocrx_word' id='word_1_79' title='bbox 931 1094 1030 1135; x_wconf 90' lang='lat' dir='ltr'>oro,</span> <span class='ocrx_word' id='word_1_80' title='bbox 1057 1078 1265 1124; x_wconf 86' lang='lat' dir='ltr'>defende</span> <span class='ocrx_word' id='word_1_81' title='bbox 1290 1077 1509 1123; x_wconf 82' lang='lat' dir='ltr'>furorem</span> <span class='ocrx_word' id='word_1_82' title='bbox 1530 1095 1543 1137; x_wconf 80' lang='lat'>3</span> 
     </span>
    </p>

    <p class='ocr_par' dir='ltr' id='par_1_6' title="bbox 229 1155 1361 1217">
     <span class='ocr_line' id='line_1_13' title="bbox 229 1155 1361 1217; baseline -0.001 -16"><span class='ocrx_word' id='word_1_83' title='bbox 229 1156 298 1202; x_wconf 90' lang='lat' dir='ltr'>Et</span> <span class='ocrx_word' id='word_1_84' title='bbox 321 1171 399 1201; x_wconf 90' lang='lat' dir='ltr'>me</span> <span class='ocrx_word' id='word_1_85' title='bbox 423 1160 697 1201; x_wconf 85' lang='lat' dir='ltr'>consortem</span> <span class='ocrx_word' id='word_1_86' title='bbox 724 1156 867 1217; x_wconf 83' lang='lat' dir='ltr'>gnati</span> <span class='ocrx_word' id='word_1_87' title='bbox 890 1156 1098 1201; x_wconf 84' lang='lat' dir='ltr'>concede</span> <span class='ocrx_word' id='word_1_88' title='bbox 1123 1155 1361 1216; x_wconf 88' lang='lat' dir='ltr'>sepulcro.</span> 
     </span>
    </p>

    <p class='ocr_par' dir='ltr' id='par_1_7' title="bbox 229 1231 1699 1372">
     <span class='ocr_line' id='line_1_14' title="bbox 229 1231 1699 1294; baseline -0.002 -15"><span class='ocrx_word' id='word_1_89' title='bbox 229 1234 372 1279; x_wconf 86' lang='lat' dir='ltr'>Haec</span> <span class='ocrx_word' id='word_1_90' title='bbox 396 1233 631 1294; x_wconf 89' lang='lat' dir='ltr'>loquitur,</span> <span class='ocrx_word' id='word_1_91' title='bbox 658 1233 924 1294; x_wconf 84' lang='lat' dir='ltr'>iuguloque</span> <span class='ocrx_word' id='word_1_92' title='bbox 949 1232 1082 1277; x_wconf 88' lang='lat' dir='ltr'>haud</span> <span class='ocrx_word' id='word_1_93' title='bbox 1106 1232 1289 1277; x_wconf 88' lang='lat' dir='ltr'>inscius</span> <span class='ocrx_word' id='word_1_94' title='bbox 1313 1231 1494 1292; x_wconf 85' lang='lat' dir='ltr'>accipit</span> <span class='ocrx_word' id='word_1_95' title='bbox 1518 1247 1699 1289; x_wconf 89' lang='lat' dir='ltr'>ensem,</span> 
     </span>
     <span class='ocr_line' id='line_1_15' title="bbox 229 1309 1519 1372; baseline -0.002 -15"><span class='ocrx_word' id='word_1_96' title='bbox 229 1311 560 1372; x_wconf 87' lang='lat' dir='ltr'>Undantique</span> <span class='ocrx_word' id='word_1_97' title='bbox 584 1310 805 1356; x_wconf 80' lang='lat' dir='ltr'>animam</span> <span class='ocrx_word' id='word_1_98' title='bbox 830 1310 1064 1356; x_wconf 83' lang='lat' dir='ltr'>diffundit</span> <span class='ocrx_word' id='word_1_99' title='bbox 1088 1309 1142 1355; x_wconf 90' lang='lat' dir='ltr'>in</span> <span class='ocrx_word' id='word_1_100' title='bbox 1167 1326 1308 1355; x_wconf 82' lang='lat' dir='ltr'>arma</span> <span class='ocrx_word' id='word_1_101' title='bbox 1333 1325 1519 1355; x_wconf 88' lang='lat' dir='ltr'>cruore.</span> 
     </span>
    </p>
   </div>
   <div class='ocr_carea' id='block_1_5' title="bbox 1840 183 1901 229">
    <p class='ocr_par' dir='ltr' id='par_1_8' title="bbox 1840 183 1901 229">
     <span class='ocr_line' id='line_1_16' title="bbox 1840 183 1901 229; baseline 0 0"><span class='ocrx_word' id='word_1_102' title='bbox 1840 183 1901 229; x_wconf 84' lang='lat'>27</span> 
     </span>
    </p>
   </div>
   <div class='ocr_carea' id='block_1_6' title="bbox 1809 712 1904 756">
    <p class='ocr_par' dir='ltr' id='par_1_9' title="bbox 1809 712 1904 756">
     <span class='ocr_line' id='line_1_17' title="bbox 1809 712 1904 756; baseline 0 -15"><span class='ocrx_word' id='word_1_103' title='bbox 1809 712 1904 756; x_wconf 89' lang='lat'>900</span> 
     </span>
    </p>
   </div>
  </div>
 </body>
</html>
