2138 3241
541 819 611 879 P.
675 818 1055 880 VERGILI
1117 818 1522 880 MARONJS

582 988 661 1064 A
705 985 776 1063 E
822 986 899 1062 N
945 986 1015 1063 E
1064 986 1107 1064 Ι
1154 986 1233 1064 D
1281 987 1351 1064 O
1401 987 1452 1064 S

723 1153 938 1200 LIBER
987 1154 1322 1201 DECIMUS.

311 1453 644 1501 ANDITUR
669 1452 863 1499 interea
887 1453 1059 1499 domus
1084 1452 1440 1516 omnipotentis
1466 1454 1678 1516 Olympi,

380 1530 753 1592 Concih'umque
777 1536 921 1576 vocat
947 1530 1109 1576 divom
1133 1538 1275 1593 pater
1299 1536 1449 1592 atque
1481 1532 1739 1577 hominum
1764 1547 1855 1578 rex

182 1606 431 1654 Sideream
453 1607 507 1654 in
531 1607 708 1665 sedem,
735 1612 895 1653 terras
919 1607 1053 1654 unde
1077 1608 1253 1654 arduos
1278 1608 1438 1654 omnis

180 1683 454 1745 Castraque
479 1683 828 1730 Dardanidum
851 1684 1113 1745 adspectat
1138 1686 1441 1746 populosque
1465 1684 1685 1731 Latinos.

181 1760 459 1807 Considunt
482 1761 628 1807 tectis
652 1761 996 1822 bipatentibus
1017 1780 1025 1808 :
1063 1761 1240 1823 incipit
1265 1761 1367 1823 ipse
1390 1779 1398 1808 :
1820 1776 1845 1824 5

246 1837 514 1885 Caelicolae
538 1839 724 1899 magni,
751 1838 987 1899 quianam
1012 1838 1264 1884 sententia
1288 1837 1427 1884 vobis

176 1914 338 1960 Versa
360 1920 510 1973 retro,
535 1920 837 1976 tantumque
861 1915 1042 1961 animis
1067 1916 1272 1961 certatis
1296 1914 1515 1975 iniquis?

174 1992 466 2038 Abnueram
490 1991 616 2038 bello
639 1991 844 2038 Italiam
867 2007 1156 2037 concurrere
1181 1992 1394 2037 Teucris,

175 2069 312 2124 Quae
335 2074 511 2115 contra
536 2069 749 2115 vetitum
775 2068 1015 2114 discordia
1035 2071 1050 2115 3
1087 2070 1197 2130 quis
1221 2074 1383 2114 metus
1408 2072 1499 2114 aut
1523 2068 1611 2114 hos

174 2146 286 2190 Aut
309 2145 398 2190 hos
421 2161 559 2190 arma
585 2145 722 2206 sequi
746 2144 1035 2206 ferrumque
1058 2144 1292 2191 lacessere
1316 2145 1470 2190 suasit
1491 2147 1505 2190 3
1787 2163 1845 2193 10

173 2221 425 2267 Adveniet
447 2221 635 2267 iustum
658 2237 868 2283 pugnae,
894 2237 957 2267 ne
980 2222 1221 2280 arcessite,
1248 2227 1459 2282 tempus,

175 2298 303 2344 Cum
327 2297 434 2344 fera
457 2297 710 2359 Carthago
736 2296 974 2342 Romanis
999 2298 1194 2343 arcibus
1219 2297 1335 2342 olim

174 2374 401 2421 Exitium
425 2390 662 2436 magnum
686 2380 837 2435 atque
860 2374 1013 2435 Alpes
1037 2374 1262 2420 inmittet
1285 2378 1485 2435 apertas
1505 2392 1513 2421 :

174 2452 303 2497 Tum
326 2456 518 2497 certare
541 2451 676 2508 odiis,
702 2456 813 2497 tum
837 2467 914 2497 res
938 2451 1160 2512 rapuisse
1184 2451 1362 2497 licebit.

174 2526 327 2573 Nunc
350 2527 498 2573 sinite
517 2544 530 2586 3
566 2532 617 2573 et
640 2527 880 2588 placitum
904 2527 1026 2572 laeti
1051 2528 1311 2589 conponite
1336 2526 1522 2573 foedus.
1783 2541 1838 2589 15

241 2604 472 2665 Iuppiter
495 2603 616 2649 haec
640 2603 809 2664 paucis
826 2620 841 2662 3
877 2609 932 2650 at
964 2619 1063 2649 non
1096 2603 1272 2649 Venus
1295 2618 1445 2649 aure-2
1468 2607 1643 2649 contra

176 2680 345 2727 Pauca
369 2680 527 2726 refert
546 2695 555 2724 :

175 2757 218 2804 O
241 2762 401 2819 pater,
427 2772 454 2802 o
479 2756 737 2802 hominum
762 2756 1025 2818 divomque
1049 2762 1256 2804 aeterna
1280 2759 1523 2819 potestas!

174 2834 407 2895 Namque
431 2834 567 2880 aliud
590 2834 708 2896 quid
731 2834 812 2892 sit,
838 2835 969 2895 quod
992 2835 1093 2881 iam
1117 2835 1364 2896 inplorare
1389 2835 1654 2896 queamus?

176 2912 349 2958 Cernis
373 2917 430 2957 ut
454 2911 701 2958 insultent
726 2911 924 2969 Rutuli,
949 2912 1244 2972 Turnusque
1268 2911 1463 2957 feratur
1778 2927 1838 2956 20

257 2988 346 3020 Aen.
369 2986 416 3022 X.
1610 2986 1637 3030 2
