2138 3241
906 229 1093 261 AENEID
1130 230 1173 261 x.
1807 217 1864 262 15

202 341 504 405 Vaginaque
527 358 650 388 cava
675 342 951 403 fulgentem
976 342 1157 403 deripit
1182 358 1364 389 ensem.
1769 359 1862 406 475

202 416 300 468 Illa
322 420 508 478 volans,
534 420 729 465 humeri
754 425 967 480 surgunt
992 436 1091 481 qua
1115 423 1337 482 tegmina
1360 437 1568 478 summa,

201 498 402 555 Incidit,
429 503 594 558 atque,
623 495 756 541 viam
781 496 923 556 clipei
948 495 1121 542 molita
1147 512 1234 557 per
1257 513 1382 555 oras,

199 575 418 622 Tandem
444 574 593 620 etiam
619 589 798 634 magno
822 573 1028 618 strinxit
1052 572 1110 618 de
1136 589 1334 635 corpore
1359 574 1533 620 Turni.

199 652 298 697 Hic
321 651 520 696 Turnus
544 649 675 694 ferro
699 649 974 710 praefixum
999 649 1150 695 robur
1176 655 1321 696 acuto

197 728 264 773 In
288 726 525 772 Pallanta
550 725 634 770 diu
659 725 848 770 librans
872 725 1007 780 iacit,
1036 730 1188 786 atque
1214 727 1286 772 ita
1310 726 1478 772 fatur:
1767 731 1864 786 480

197 804 424 866 Adspice,
450 819 572 850 num
598 819 740 865 mage
764 803 828 849 sit
853 807 1080 848 nostrum
1108 803 1411 864 penetrabile
1436 804 1606 851 telum.

197 880 437 938 Dixerat;
463 883 518 925 at
541 879 766 941 clipeum,
792 884 869 924 tot
894 879 1014 924 ferri
1039 884 1195 940 terga,
1222 885 1298 925 tot
1323 880 1463 938 aeris,

196 958 354 1012 Quem
377 956 518 1018 pellis
541 958 724 1002 totiens
748 956 895 1002 obeat
919 956 1230 1002 circumdata
1254 957 1405 1014 tauri,

195 1032 438 1079 Vibranti
461 1032 678 1079 medium
704 1032 863 1094 cuspis
887 1033 1264 1079 transverberat
1289 1033 1408 1092 ictu,

197 1110 498 1171 Loricaeque
521 1126 685 1156 moras
709 1114 760 1155 et
784 1115 955 1171 pectus
980 1110 1202 1171 perforat
1237 1110 1429 1172 ingens.
1769 1114 1862 1173 485

196 1188 290 1234 Ille
313 1188 448 1248 rapit
471 1188 682 1233 calidum
707 1187 896 1233 frustra
920 1187 978 1232 de
1005 1188 1202 1234 volnere
1226 1189 1382 1234 telum
1403 1206 1412 1235 :

196 1264 320 1311 Una
345 1264 611 1325 eademque
635 1265 716 1309 via
741 1265 942 1325 sanguis
966 1265 1257 1326 animusque
1281 1270 1531 1311 secuntur.

197 1341 408 1387 Oonruit
431 1340 484 1386 in
510 1342 684 1387 volnus
699 1357 712 1399 3
738 1341 957 1386 sonitum
983 1357 1131 1402 super
1155 1357 1297 1388 arma
1323 1342 1527 1401 dedere3

196 1417 264 1463 Et
288 1423 473 1464 terram
501 1418 730 1464 hostilem
755 1419 970 1464 moriens
994 1420 1121 1479 petit
1145 1435 1228 1464 ore
1254 1426 1474 1466 cruento.

195 1494 353 1550 Quem
377 1494 574 1540 Turnus
598 1511 744 1556 super
768 1494 1011 1540 adsistens
1031 1513 1040 1541 :
1633 1540 1636 1545 ,
1767 1515 1864 1559 490

194 1571 430 1630 Arcades,
456 1571 589 1629 haec,
616 1571 794 1633 inquit,
821 1587 1061 1618 memores
1085 1589 1195 1618 mea
1222 1573 1353 1619 dicta
1377 1574 1560 1620 referte

194 1648 459 1694 Euandro:
486 1649 684 1709 qualem
710 1650 907 1706 meruit,
935 1649 1171 1695 Pallanta
1196 1652 1414 1697 remitto.

193 1725 426 1786 Quisquis
449 1725 603 1771 honos
627 1726 825 1782 tumuli,
852 1725 1091 1787 quidquid
1116 1727 1333 1773 solamen
1359 1728 1601 1774 humandi
1637 1734 1726 1786 est,

195 1802 416 1864 Largior.
488 1802 646 1847 Haud
669 1803 743 1848 illi
767 1804 976 1848 stabunt
1000 1803 1192 1849 Aeneia
1216 1820 1372 1865 parvo

193 1879 442 1940 Hospitia.
515 1879 583 1924 Et
606 1879 747 1925 laevo
772 1879 948 1940 pressit
973 1880 1108 1941 pede,
1134 1881 1259 1927 talia
1284 1881 1433 1941 fatus,
1763 1897 1856 1944 495

193 1955 503 2015 Exanimem,
529 1956 733 2017 rapiens
757 1957 982 2002 inmania
1008 1957 1226 2019 pondera
1251 1959 1421 2018 baltei,

192 2032 578 2094 Inpressumque
603 2032 769 2080 nefas:
797 2049 899 2078 una
925 2035 1014 2079 sub
1040 2041 1183 2080 nocte
1206 2035 1360 2096 iugali

192 2109 348 2154 Caesa
373 2125 554 2155 manus
577 2109 814 2156 iuvenum
839 2109 992 2168 foede,
1019 2111 1331 2173 thalamique
1355 2114 1555 2159 cruenti
1572 2131 1586 2173 3

190 2186 330 2241 Quae
353 2186 537 2232 Clonus
562 2186 834 2247 Eurytides
858 2188 1017 2233 multo
1041 2189 1319 2236 caelaverat
1344 2207 1470 2236 auro
1493 2208 1502 2237 :
1766 2206 1861 2253 500

191 2264 299 2319 Quo
323 2279 456 2309 nunc
479 2264 677 2310 Turnus
701 2269 818 2310 ovat
842 2265 994 2326 spolio
1019 2266 1299 2328 gaudetque
1324 2270 1525 2329 potitus.

191 2340 372 2387 Nescia
396 2356 535 2386 mens
558 2340 816 2387 hominum
840 2341 935 2388 fati
959 2343 1201 2405 sortisque
1238 2344 1456 2404 futurae,

192 2417 260 2462 Et
284 2432 482 2462 servare
505 2417 719 2474 modum,
747 2419 893 2463 rebus
917 2419 1114 2465 sublata
1138 2421 1390 2468 secundis!

191 2494 358 2539 Turno
383 2498 579 2553 tempus
604 2494 714 2550 erit,
740 2511 922 2556 magno
946 2512 1056 2541 cum
1082 2498 1329 2558 optaverit
1354 2505 1577 2560 emptum

193 2569 451 2614 Intactum
478 2568 730 2627 Pallanta,
756 2576 805 2616 et
830 2587 941 2617 cum
967 2572 1121 2632 spolia
1146 2573 1243 2618 ista
1269 2574 1495 2636 diemque

192 2646 379 2693 Oderit.
450 2647 525 2692 At
549 2648 666 2693 socii
689 2648 845 2693 multo
871 2650 1059 2710 gemitu
1083 2650 1393 2712 lacrimisque
1763 2668 1854 2716 505

191 2722 475 2783 Inpositum
499 2728 638 2768 scuto
662 2722 888 2770 referunt
914 2724 1150 2772 Pallanta
1176 2726 1475 2789 frequentes

192 2800 234 2846 O
259 2799 396 2846 dolor
419 2804 571 2862 atque
595 2800 738 2847 decus
762 2817 1000 2864 magnum
1024 2804 1244 2850 rediture
1267 2806 1465 2866 parenti
1485 2808 1494 2852 ἔ

194 2876 335 2922 Haec
358 2880 409 2922 te
432 2877 593 2938 prima
617 2877 718 2923 dies
740 2878 867 2924 bello
891 2879 1039 2937 dedit,
1066 2880 1187 2926 haec
1211 2881 1381 2927 eadem
1406 2881 1588 2941 aufert,

194 2952 319 2997 Cum
342 2956 510 2998 tamen
534 2953 750 3015 ingentis
776 2954 1079 3001 Rutulorum
1104 2956 1286 3018 linquis
1309 2973 1506 3004 acervos
1528 2962 1535 3004 ἒ
